<?xml version="1.0" encoding="UTF-8" standalone="yes"?><Document xmlns="urn:iso:std:iso:20022:tech:xsd:pain.008.001.02" xmlns:xsi="http://www.w3.org/2001/XMLSchema-instance" xsi:schemaLocation="urn:iso:std:iso:20022:tech:xsd:pain.008.001.02 pain.008.001.02.xsd"><CstmrDrctDbtInitn><GrpHdr><MsgId>FSLF6WG2U4XUODZ72IXYVEIYPCSLU2DZC5L</MsgId><CreDtTm>2022-07-01T15:30:45</CreDtTm><NbOfTxs>76</NbOfTxs><CtrlSum>2396.70</CtrlSum><InitgPty><Nm>Korbacher Energiezentrum</Nm></InitgPty></GrpHdr><PmtInf><PmtInfId>FSLF6WG2U4XUODZ72IXYVEIYPCSLU2DZC5L</PmtInfId><PmtMtd>DD</PmtMtd><NbOfTxs>76</NbOfTxs><CtrlSum>2396.70</CtrlSum><PmtTpInf><SvcLvl><Cd>SEPA</Cd></SvcLvl><LclInstrm><Cd>CORE</Cd></LclInstrm><SeqTp>RCUR</SeqTp></PmtTpInf><ReqdColltnDt>2022-07-11</ReqdColltnDt><Cdtr><Nm>Korbacher Energiezentrum</Nm></Cdtr><CdtrAcct><Id><IBAN>DE84460628175191056500</IBAN></Id></CdtrAcct><CdtrAgt><FinInstnId><BIC>GENODEM1SMA</BIC></FinInstnId></CdtrAgt><ChrgBr>SLEV</ChrgBr><DrctDbtTxInf><PmtId><EndToEndId>FAKMZB3VJJ3JHHIT3TSAM57YKLNAUDL1</EndToEndId></PmtId><InstdAmt Ccy="EUR">18.98</InstdAmt><DrctDbtTx><MndtRltdInf><MndtId>K22981001</MndtId><DtOfSgntr>2020-09-16</DtOfSgntr><AmdmntInd>false</AmdmntInd></MndtRltdInf><CdtrSchmeId><Id><PrvtId><Othr><Id>DE36ZZZ00001457522</Id><SchmeNm><Prtry>SEPA</Prtry></SchmeNm></Othr></PrvtId></Id></CdtrSchmeId></DrctDbtTx><DbtrAgt><FinInstnId><BIC>COBADEFFXXX</BIC></FinInstnId></DbtrAgt><Dbtr><Nm>Uwe Schmidt</Nm></Dbtr><DbtrAcct><Id><IBAN>DE85830400000201959400</IBAN></Id></DbtrAcct><RmtInf><Ustrd>Rechnung RE5270 Kunde K22981</Ustrd></RmtInf></DrctDbtTxInf><DrctDbtTxInf><PmtId><EndToEndId>FAKLWH4OIKIZJTPS2QUEMSNKY8AD9HIK</EndToEndId></PmtId><InstdAmt Ccy="EUR">2.25</InstdAmt><DrctDbtTx><MndtRltdInf><MndtId>K22989001</MndtId><DtOfSgntr>2021-06-23</DtOfSgntr><AmdmntInd>false</AmdmntInd></MndtRltdInf><CdtrSchmeId><Id><PrvtId><Othr><Id>DE36ZZZ00001457522</Id><SchmeNm><Prtry>SEPA</Prtry></SchmeNm></Othr></PrvtId></Id></CdtrSchmeId></DrctDbtTx><DbtrAgt><FinInstnId><BIC>GENODEF1COS</BIC></FinInstnId></DbtrAgt><Dbtr><Nm>Stefanie und Leonardo Laporta</Nm></Dbtr><DbtrAcct><Id><IBAN>DE39783600000001151770</IBAN></Id></DbtrAcct><RmtInf><Ustrd>Rechnung RE5271 Kunde K22989</Ustrd></RmtInf></DrctDbtTxInf><DrctDbtTxInf><PmtId><EndToEndId>FAKTZPMY8G5LWOGG3CXRBTCSGNUAZTHE</EndToEndId></PmtId><InstdAmt Ccy="EUR">10.7</InstdAmt><DrctDbtTx><MndtRltdInf><MndtId>K23849001</MndtId><DtOfSgntr>2021-07-21</DtOfSgntr><AmdmntInd>false</AmdmntInd></MndtRltdInf><CdtrSchmeId><Id><PrvtId><Othr><Id>DE36ZZZ00001457522</Id><SchmeNm><Prtry>SEPA</Prtry></SchmeNm></Othr></PrvtId></Id></CdtrSchmeId></DrctDbtTx><DbtrAgt><FinInstnId><BIC>DEUTDEDB160</BIC></FinInstnId></DbtrAgt><Dbtr><Nm>Jens Buchholz</Nm></Dbtr><DbtrAcct><Id><IBAN>DE08120700240490592300</IBAN></Id></DbtrAcct><RmtInf><Ustrd>Rechnung RE5272 Kunde K23849</Ustrd></RmtInf></DrctDbtTxInf><DrctDbtTxInf><PmtId><EndToEndId>FAKYWOTIFSYYPOFCDBLIX1GHUQ1UQCJO</EndToEndId></PmtId><InstdAmt Ccy="EUR">5.15</InstdAmt><DrctDbtTx><MndtRltdInf><MndtId>K23851001</MndtId><DtOfSgntr>2021-07-08</DtOfSgntr><AmdmntInd>false</AmdmntInd></MndtRltdInf><CdtrSchmeId><Id><PrvtId><Othr><Id>DE36ZZZ00001457522</Id><SchmeNm><Prtry>SEPA</Prtry></SchmeNm></Othr></PrvtId></Id></CdtrSchmeId></DrctDbtTx><DbtrAgt><FinInstnId><BIC>BYLADEM1KSW</BIC></FinInstnId></DbtrAgt><Dbtr><Nm>Roman Ludwig</Nm></Dbtr><DbtrAcct><Id><IBAN>DE09793501010760694794</IBAN></Id></DbtrAcct><RmtInf><Ustrd>Rechnung RE5273 Kunde K23851</Ustrd></RmtInf></DrctDbtTxInf><DrctDbtTxInf><PmtId><EndToEndId>FAKIFEY7CFT1Z47XQ2ZRNCQ49JOAEPQP</EndToEndId></PmtId><InstdAmt Ccy="EUR">19.99</InstdAmt><DrctDbtTx><MndtRltdInf><MndtId>K22002001</MndtId><DtOfSgntr>2021-06-28</DtOfSgntr><AmdmntInd>false</AmdmntInd></MndtRltdInf><CdtrSchmeId><Id><PrvtId><Othr><Id>DE36ZZZ00001457522</Id><SchmeNm><Prtry>SEPA</Prtry></SchmeNm></Othr></PrvtId></Id></CdtrSchmeId></DrctDbtTx><DbtrAgt><FinInstnId><BIC>PBNKDEFF</BIC></FinInstnId></DbtrAgt><Dbtr><Nm>Klaus Schwengers</Nm></Dbtr><DbtrAcct><Id><IBAN>DE70600100700517431701</IBAN></Id></DbtrAcct><RmtInf><Ustrd>Rechnung RE5274 Kunde K22002</Ustrd></RmtInf></DrctDbtTxInf><DrctDbtTxInf><PmtId><EndToEndId>FAKMSLZF2TUNGWHYLIDDTAR5JIB7UC5K</EndToEndId></PmtId><InstdAmt Ccy="EUR">19.99</InstdAmt><DrctDbtTx><MndtRltdInf><MndtId>K22441001</MndtId><DtOfSgntr>2021-07-28</DtOfSgntr><AmdmntInd>false</AmdmntInd></MndtRltdInf><CdtrSchmeId><Id><PrvtId><Othr><Id>DE36ZZZ00001457522</Id><SchmeNm><Prtry>SEPA</Prtry></SchmeNm></Othr></PrvtId></Id></CdtrSchmeId></DrctDbtTx><DbtrAgt><FinInstnId><BIC>HELADEF1MAR</BIC></FinInstnId></DbtrAgt><Dbtr><Nm>Thomas Schmidt</Nm></Dbtr><DbtrAcct><Id><IBAN>DE85533500001128001642</IBAN></Id></DbtrAcct><RmtInf><Ustrd>Rechnung RE5275 Kunde K22441</Ustrd></RmtInf></DrctDbtTxInf><DrctDbtTxInf><PmtId><EndToEndId>FAKTWP9SC2UCA68ZRD2JZDTQKMRMK6L5</EndToEndId></PmtId><InstdAmt Ccy="EUR">19.99</InstdAmt><DrctDbtTx><MndtRltdInf><MndtId>K22543001</MndtId><DtOfSgntr>2021-08-09</DtOfSgntr><AmdmntInd>false</AmdmntInd></MndtRltdInf><CdtrSchmeId><Id><PrvtId><Othr><Id>DE36ZZZ00001457522</Id><SchmeNm><Prtry>SEPA</Prtry></SchmeNm></Othr></PrvtId></Id></CdtrSchmeId></DrctDbtTx><DbtrAgt><FinInstnId><BIC>GENODEM1STM</BIC></FinInstnId></DbtrAgt><Dbtr><Nm>Carsten Rheker</Nm></Dbtr><DbtrAcct><Id><IBAN>DE59472643674801148906</IBAN></Id></DbtrAcct><RmtInf><Ustrd>Rechnung RE5276 Kunde K22543</Ustrd></RmtInf></DrctDbtTxInf><DrctDbtTxInf><PmtId><EndToEndId>FAKTEVPCD3Y4X5ZQJ0U9XUI6GPQSQKQR</EndToEndId></PmtId><InstdAmt Ccy="EUR">15.19</InstdAmt><DrctDbtTx><MndtRltdInf><MndtId>K22564001</MndtId><DtOfSgntr>2021-05-26</DtOfSgntr><AmdmntInd>false</AmdmntInd></MndtRltdInf><CdtrSchmeId><Id><PrvtId><Othr><Id>DE36ZZZ00001457522</Id><SchmeNm><Prtry>SEPA</Prtry></SchmeNm></Othr></PrvtId></Id></CdtrSchmeId></DrctDbtTx><DbtrAgt><FinInstnId><BIC>WELADEDLLEV</BIC></FinInstnId></DbtrAgt><Dbtr><Nm>Jürgen  Scherf </Nm></Dbtr><DbtrAcct><Id><IBAN>DE40375514400202174785</IBAN></Id></DbtrAcct><RmtInf><Ustrd>Rechnung RE5277 Kunde K22564</Ustrd></RmtInf></DrctDbtTxInf><DrctDbtTxInf><PmtId><EndToEndId>FAK5JB8DHHAU5TUYZDLOREYCANIHTFBM</EndToEndId></PmtId><InstdAmt Ccy="EUR">50.72</InstdAmt><DrctDbtTx><MndtRltdInf><MndtId>K22735001</MndtId><DtOfSgntr>2021-06-15</DtOfSgntr><AmdmntInd>false</AmdmntInd></MndtRltdInf><CdtrSchmeId><Id><PrvtId><Othr><Id>DE36ZZZ00001457522</Id><SchmeNm><Prtry>SEPA</Prtry></SchmeNm></Othr></PrvtId></Id></CdtrSchmeId></DrctDbtTx><DbtrAgt><FinInstnId><BIC>BYLADEM1NES</BIC></FinInstnId></DbtrAgt><Dbtr><Nm>Jürgen Wangorsch</Nm></Dbtr><DbtrAcct><Id><IBAN>DE14793530900000801951</IBAN></Id></DbtrAcct><RmtInf><Ustrd>Rechnung RE5278 Kunde K22735</Ustrd></RmtInf></DrctDbtTxInf><DrctDbtTxInf><PmtId><EndToEndId>FAKMAW0R3A8JNCT22QKQPPW8DVFD51CE</EndToEndId></PmtId><InstdAmt Ccy="EUR">7.76</InstdAmt><DrctDbtTx><MndtRltdInf><MndtId>K22746001</MndtId><DtOfSgntr>2021-06-15</DtOfSgntr><AmdmntInd>false</AmdmntInd></MndtRltdInf><CdtrSchmeId><Id><PrvtId><Othr><Id>DE36ZZZ00001457522</Id><SchmeNm><Prtry>SEPA</Prtry></SchmeNm></Othr></PrvtId></Id></CdtrSchmeId></DrctDbtTx><DbtrAgt><FinInstnId><BIC>DEUTDEDBLEG</BIC></FinInstnId></DbtrAgt><Dbtr><Nm>Hans Uwe Schmidt</Nm></Dbtr><DbtrAcct><Id><IBAN>DE34860700240644643905</IBAN></Id></DbtrAcct><RmtInf><Ustrd>Rechnung RE5279 Kunde K22746</Ustrd></RmtInf></DrctDbtTxInf><DrctDbtTxInf><PmtId><EndToEndId>FAKD6VQ3MOLRYIMHVFT2T2FFSF2XZQX2</EndToEndId></PmtId><InstdAmt Ccy="EUR">4.5</InstdAmt><DrctDbtTx><MndtRltdInf><MndtId>K23853001</MndtId><DtOfSgntr>2021-06-29</DtOfSgntr><AmdmntInd>false</AmdmntInd></MndtRltdInf><CdtrSchmeId><Id><PrvtId><Othr><Id>DE36ZZZ00001457522</Id><SchmeNm><Prtry>SEPA</Prtry></SchmeNm></Othr></PrvtId></Id></CdtrSchmeId></DrctDbtTx><DbtrAgt><FinInstnId><BIC>FLESDEMM</BIC></FinInstnId></DbtrAgt><Dbtr><Nm>Bernd Vogel</Nm></Dbtr><DbtrAcct><Id><IBAN>DE16793301110001540371</IBAN></Id></DbtrAcct><RmtInf><Ustrd>Rechnung RE5284 Kunde K23853</Ustrd></RmtInf></DrctDbtTxInf><DrctDbtTxInf><PmtId><EndToEndId>FAKSYXHQYMD8HAIORW6NQ6VPYXQBMJ3Z</EndToEndId></PmtId><InstdAmt Ccy="EUR">0.16</InstdAmt><DrctDbtTx><MndtRltdInf><MndtId>K23857001</MndtId><DtOfSgntr>2021-07-06</DtOfSgntr><AmdmntInd>false</AmdmntInd></MndtRltdInf><CdtrSchmeId><Id><PrvtId><Othr><Id>DE36ZZZ00001457522</Id><SchmeNm><Prtry>SEPA</Prtry></SchmeNm></Othr></PrvtId></Id></CdtrSchmeId></DrctDbtTx><DbtrAgt><FinInstnId><BIC>FLESDEMMXXX</BIC></FinInstnId></DbtrAgt><Dbtr><Nm>Jörg Untiedt</Nm></Dbtr><DbtrAcct><Id><IBAN>DE72793301110000010255</IBAN></Id></DbtrAcct><RmtInf><Ustrd>Rechnung RE5285 Kunde K23857</Ustrd></RmtInf></DrctDbtTxInf><DrctDbtTxInf><PmtId><EndToEndId>FAK5VHW0IZGIVT3HMHASGLDWBTLKLBAB</EndToEndId></PmtId><InstdAmt Ccy="EUR">10.09</InstdAmt><DrctDbtTx><MndtRltdInf><MndtId>K23878001</MndtId><DtOfSgntr>2021-07-16</DtOfSgntr><AmdmntInd>false</AmdmntInd></MndtRltdInf><CdtrSchmeId><Id><PrvtId><Othr><Id>DE36ZZZ00001457522</Id><SchmeNm><Prtry>SEPA</Prtry></SchmeNm></Othr></PrvtId></Id></CdtrSchmeId></DrctDbtTx><DbtrAgt><FinInstnId><BIC>GENODEF1MLV</BIC></FinInstnId></DbtrAgt><Dbtr><Nm>Winfried Kahle</Nm></Dbtr><DbtrAcct><Id><IBAN>DE16790691650000006033</IBAN></Id></DbtrAcct><RmtInf><Ustrd>Rechnung RE5286 Kunde K23878</Ustrd></RmtInf></DrctDbtTxInf><DrctDbtTxInf><PmtId><EndToEndId>FAKMD0164AHEK5MDQJLRS1ZG1TOQA3CL</EndToEndId></PmtId><InstdAmt Ccy="EUR">27.65</InstdAmt><DrctDbtTx><MndtRltdInf><MndtId>K18420001</MndtId><DtOfSgntr>2021-02-10</DtOfSgntr><AmdmntInd>false</AmdmntInd></MndtRltdInf><CdtrSchmeId><Id><PrvtId><Othr><Id>DE36ZZZ00001457522</Id><SchmeNm><Prtry>SEPA</Prtry></SchmeNm></Othr></PrvtId></Id></CdtrSchmeId></DrctDbtTx><DbtrAgt><FinInstnId><BIC>COBADEFFXXX</BIC></FinInstnId></DbtrAgt><Dbtr><Nm>Markus Reinders</Nm></Dbtr><DbtrAcct><Id><IBAN>DE14820400000117103200</IBAN></Id></DbtrAcct><RmtInf><Ustrd>Rechnung RE5287 Kunde K18420</Ustrd></RmtInf></DrctDbtTxInf><DrctDbtTxInf><PmtId><EndToEndId>FAKUPTA40ANATWLXG3RAZGKZQDLQPDG3</EndToEndId></PmtId><InstdAmt Ccy="EUR">27.41</InstdAmt><DrctDbtTx><MndtRltdInf><MndtId>K22606001</MndtId><DtOfSgntr>2021-06-15</DtOfSgntr><AmdmntInd>false</AmdmntInd></MndtRltdInf><CdtrSchmeId><Id><PrvtId><Othr><Id>DE36ZZZ00001457522</Id><SchmeNm><Prtry>SEPA</Prtry></SchmeNm></Othr></PrvtId></Id></CdtrSchmeId></DrctDbtTx><DbtrAgt><FinInstnId><BIC>HYVEDEMM451</BIC></FinInstnId></DbtrAgt><Dbtr><Nm>Eileen Armann</Nm></Dbtr><DbtrAcct><Id><IBAN>DE22793200750029345384</IBAN></Id></DbtrAcct><RmtInf><Ustrd>Rechnung RE5291 Kunde K22606</Ustrd></RmtInf></DrctDbtTxInf><DrctDbtTxInf><PmtId><EndToEndId>FAKLRSHX6F8DTA6OMSYFQNLTITCZOIIS</EndToEndId></PmtId><InstdAmt Ccy="EUR">29.85</InstdAmt><DrctDbtTx><MndtRltdInf><MndtId>K22778001</MndtId><DtOfSgntr>2021-04-16</DtOfSgntr><AmdmntInd>false</AmdmntInd></MndtRltdInf><CdtrSchmeId><Id><PrvtId><Othr><Id>DE36ZZZ00001457522</Id><SchmeNm><Prtry>SEPA</Prtry></SchmeNm></Othr></PrvtId></Id></CdtrSchmeId></DrctDbtTx><DbtrAgt><FinInstnId><BIC>GENODED1ERE</BIC></FinInstnId></DbtrAgt><Dbtr><Nm>Thomas Schmollmann</Nm></Dbtr><DbtrAcct><Id><IBAN>DE81370692527605941014</IBAN></Id></DbtrAcct><RmtInf><Ustrd>Rechnung RE5292 Kunde K22778</Ustrd></RmtInf></DrctDbtTxInf><DrctDbtTxInf><PmtId><EndToEndId>FAKJOIIBUUKBPX9GLMN24EJ2CIOOCSK4</EndToEndId></PmtId><InstdAmt Ccy="EUR">52.44</InstdAmt><DrctDbtTx><MndtRltdInf><MndtId>K22984001</MndtId><DtOfSgntr>2021-06-22</DtOfSgntr><AmdmntInd>false</AmdmntInd></MndtRltdInf><CdtrSchmeId><Id><PrvtId><Othr><Id>DE36ZZZ00001457522</Id><SchmeNm><Prtry>SEPA</Prtry></SchmeNm></Othr></PrvtId></Id></CdtrSchmeId></DrctDbtTx><DbtrAgt><FinInstnId><BIC>GENODEF1S06</BIC></FinInstnId></DbtrAgt><Dbtr><Nm>Alfred Beiergrößlein</Nm></Dbtr><DbtrAcct><Id><IBAN>DE30760905000005124611</IBAN></Id></DbtrAcct><RmtInf><Ustrd>Rechnung RE5293 Kunde K22984</Ustrd></RmtInf></DrctDbtTxInf><DrctDbtTxInf><PmtId><EndToEndId>FAKGHXUJQ2NAF7QZHRPWYDPN5HJYP9CP</EndToEndId></PmtId><InstdAmt Ccy="EUR">1.27</InstdAmt><DrctDbtTx><MndtRltdInf><MndtId>K24004001</MndtId><DtOfSgntr>2021-06-09</DtOfSgntr><AmdmntInd>false</AmdmntInd></MndtRltdInf><CdtrSchmeId><Id><PrvtId><Othr><Id>DE36ZZZ00001457522</Id><SchmeNm><Prtry>SEPA</Prtry></SchmeNm></Othr></PrvtId></Id></CdtrSchmeId></DrctDbtTx><DbtrAgt><FinInstnId><BIC>DGPBDE3MXXX</BIC></FinInstnId></DbtrAgt><Dbtr><Nm>Peter Flore</Nm></Dbtr><DbtrAcct><Id><IBAN>DE98472601219420640400</IBAN></Id></DbtrAcct><RmtInf><Ustrd>Rechnung RE5294 Kunde K24004</Ustrd></RmtInf></DrctDbtTxInf><DrctDbtTxInf><PmtId><EndToEndId>FAKGUHPOXXNLW3JOL8BFWQRAILTTBZDJ</EndToEndId></PmtId><InstdAmt Ccy="EUR">25.62</InstdAmt><DrctDbtTx><MndtRltdInf><MndtId>K24006001</MndtId><DtOfSgntr>2021-07-29</DtOfSgntr><AmdmntInd>false</AmdmntInd></MndtRltdInf><CdtrSchmeId><Id><PrvtId><Othr><Id>DE36ZZZ00001457522</Id><SchmeNm><Prtry>SEPA</Prtry></SchmeNm></Othr></PrvtId></Id></CdtrSchmeId></DrctDbtTx><DbtrAgt><FinInstnId><BIC>CMCIDEDDXXX</BIC></FinInstnId></DbtrAgt><Dbtr><Nm>Rene Humburg</Nm></Dbtr><DbtrAcct><Id><IBAN>DE48300209001802721998</IBAN></Id></DbtrAcct><RmtInf><Ustrd>Rechnung RE5295 Kunde K24006</Ustrd></RmtInf></DrctDbtTxInf><DrctDbtTxInf><PmtId><EndToEndId>FAKDNKYKDI5NWCCZFICID1QRVPOACITW</EndToEndId></PmtId><InstdAmt Ccy="EUR">17.8</InstdAmt><DrctDbtTx><MndtRltdInf><MndtId>K24087001</MndtId><DtOfSgntr>2021-07-27</DtOfSgntr><AmdmntInd>false</AmdmntInd></MndtRltdInf><CdtrSchmeId><Id><PrvtId><Othr><Id>DE36ZZZ00001457522</Id><SchmeNm><Prtry>SEPA</Prtry></SchmeNm></Othr></PrvtId></Id></CdtrSchmeId></DrctDbtTx><DbtrAgt><FinInstnId><BIC>BYLADEM1COB</BIC></FinInstnId></DbtrAgt><Dbtr><Nm>Klaus Gagel</Nm></Dbtr><DbtrAcct><Id><IBAN>DE05783500000040575078</IBAN></Id></DbtrAcct><RmtInf><Ustrd>Rechnung RE5296 Kunde K24087</Ustrd></RmtInf></DrctDbtTxInf><DrctDbtTxInf><PmtId><EndToEndId>FAKRL49LCYDF6K45L9X338NMFD6QE6WY</EndToEndId></PmtId><InstdAmt Ccy="EUR">29.45</InstdAmt><DrctDbtTx><MndtRltdInf><MndtId>K19619001</MndtId><DtOfSgntr>2021-05-14</DtOfSgntr><AmdmntInd>false</AmdmntInd></MndtRltdInf><CdtrSchmeId><Id><PrvtId><Othr><Id>DE36ZZZ00001457522</Id><SchmeNm><Prtry>SEPA</Prtry></SchmeNm></Othr></PrvtId></Id></CdtrSchmeId></DrctDbtTx><DbtrAgt><FinInstnId><BIC>WELADED1BEB</BIC></FinInstnId></DbtrAgt><Dbtr><Nm>Burkhard Klappert</Nm></Dbtr><DbtrAcct><Id><IBAN>DE40460534800000781450</IBAN></Id></DbtrAcct><RmtInf><Ustrd>Rechnung RE5297 Kunde K19619</Ustrd></RmtInf></DrctDbtTxInf><DrctDbtTxInf><PmtId><EndToEndId>FAK9UUMOQLRLXLBVGEOFIULGHK6QOEKL</EndToEndId></PmtId><InstdAmt Ccy="EUR">15.76</InstdAmt><DrctDbtTx><MndtRltdInf><MndtId>K22531001</MndtId><DtOfSgntr>2021-06-08</DtOfSgntr><AmdmntInd>false</AmdmntInd></MndtRltdInf><CdtrSchmeId><Id><PrvtId><Othr><Id>DE36ZZZ00001457522</Id><SchmeNm><Prtry>SEPA</Prtry></SchmeNm></Othr></PrvtId></Id></CdtrSchmeId></DrctDbtTx><DbtrAgt><FinInstnId><BIC>GENODEF1HRV</BIC></FinInstnId></DbtrAgt><Dbtr><Nm>Dennis Michel</Nm></Dbtr><DbtrAcct><Id><IBAN>DE06520626010004661834</IBAN></Id></DbtrAcct><RmtInf><Ustrd>Rechnung RE5298 Kunde K22531</Ustrd></RmtInf></DrctDbtTxInf><DrctDbtTxInf><PmtId><EndToEndId>FAKP0HWXA9EW3GOILLQICXAQBSUWQNRA</EndToEndId></PmtId><InstdAmt Ccy="EUR">20.51</InstdAmt><DrctDbtTx><MndtRltdInf><MndtId>K24116001</MndtId><DtOfSgntr>2021-07-23</DtOfSgntr><AmdmntInd>false</AmdmntInd></MndtRltdInf><CdtrSchmeId><Id><PrvtId><Othr><Id>DE36ZZZ00001457522</Id><SchmeNm><Prtry>SEPA</Prtry></SchmeNm></Othr></PrvtId></Id></CdtrSchmeId></DrctDbtTx><DbtrAgt><FinInstnId><BIC>GENODEF1MLV</BIC></FinInstnId></DbtrAgt><Dbtr><Nm>Stefan Heim</Nm></Dbtr><DbtrAcct><Id><IBAN>DE34790691650000726516</IBAN></Id></DbtrAcct><RmtInf><Ustrd>Rechnung RE5299 Kunde K24116</Ustrd></RmtInf></DrctDbtTxInf><DrctDbtTxInf><PmtId><EndToEndId>FAKTHOURJJTCGZYISVVSDQDXKGE7D6T8</EndToEndId></PmtId><InstdAmt Ccy="EUR">29.99</InstdAmt><DrctDbtTx><MndtRltdInf><MndtId>K20914001</MndtId><DtOfSgntr>2021-06-05</DtOfSgntr><AmdmntInd>false</AmdmntInd></MndtRltdInf><CdtrSchmeId><Id><PrvtId><Othr><Id>DE36ZZZ00001457522</Id><SchmeNm><Prtry>SEPA</Prtry></SchmeNm></Othr></PrvtId></Id></CdtrSchmeId></DrctDbtTx><DbtrAgt><FinInstnId><BIC>GENODEF1S12</BIC></FinInstnId></DbtrAgt><Dbtr><Nm>Michael Putzke</Nm></Dbtr><DbtrAcct><Id><IBAN>DE13500905000002227684</IBAN></Id></DbtrAcct><RmtInf><Ustrd>Rechnung RE5300 Kunde K20914</Ustrd></RmtInf></DrctDbtTxInf><DrctDbtTxInf><PmtId><EndToEndId>FAKKDQI0NJKPJGASMMIODFVGJVAHZ4XY</EndToEndId></PmtId><InstdAmt Ccy="EUR">23.72</InstdAmt><DrctDbtTx><MndtRltdInf><MndtId>K21620001</MndtId><DtOfSgntr>2021-06-01</DtOfSgntr><AmdmntInd>false</AmdmntInd></MndtRltdInf><CdtrSchmeId><Id><PrvtId><Othr><Id>DE36ZZZ00001457522</Id><SchmeNm><Prtry>SEPA</Prtry></SchmeNm></Othr></PrvtId></Id></CdtrSchmeId></DrctDbtTx><DbtrAgt><FinInstnId><BIC>GENODEF1HRV</BIC></FinInstnId></DbtrAgt><Dbtr><Nm>Walter Kraus</Nm></Dbtr><DbtrAcct><Id><IBAN>DE97520626010003415104</IBAN></Id></DbtrAcct><RmtInf><Ustrd>Rechnung RE5301 Kunde K21620</Ustrd></RmtInf></DrctDbtTxInf><DrctDbtTxInf><PmtId><EndToEndId>FAKYTVNNMW1FNFFTTOLQYRQICO71Z46S</EndToEndId></PmtId><InstdAmt Ccy="EUR">12.68</InstdAmt><DrctDbtTx><MndtRltdInf><MndtId>K21731001</MndtId><DtOfSgntr>2021-05-20</DtOfSgntr><AmdmntInd>false</AmdmntInd></MndtRltdInf><CdtrSchmeId><Id><PrvtId><Othr><Id>DE36ZZZ00001457522</Id><SchmeNm><Prtry>SEPA</Prtry></SchmeNm></Othr></PrvtId></Id></CdtrSchmeId></DrctDbtTx><DbtrAgt><FinInstnId><BIC>DRESDEFF827</BIC></FinInstnId></DbtrAgt><Dbtr><Nm>Eveline Maring</Nm></Dbtr><DbtrAcct><Id><IBAN>DE57820800000384496100</IBAN></Id></DbtrAcct><RmtInf><Ustrd>Rechnung RE5302 Kunde K21731</Ustrd></RmtInf></DrctDbtTxInf><DrctDbtTxInf><PmtId><EndToEndId>FAKWBEAOH9KTHAPTTCQ4IOYQB3X8NP0L</EndToEndId></PmtId><InstdAmt Ccy="EUR">22.92</InstdAmt><DrctDbtTx><MndtRltdInf><MndtId>K22598001</MndtId><DtOfSgntr>2021-06-13</DtOfSgntr><AmdmntInd>false</AmdmntInd></MndtRltdInf><CdtrSchmeId><Id><PrvtId><Othr><Id>DE36ZZZ00001457522</Id><SchmeNm><Prtry>SEPA</Prtry></SchmeNm></Othr></PrvtId></Id></CdtrSchmeId></DrctDbtTx><DbtrAgt><FinInstnId><BIC>HYVEDEMM480</BIC></FinInstnId></DbtrAgt><Dbtr><Nm>Maurizio  Turturro </Nm></Dbtr><DbtrAcct><Id><IBAN>DE22783200760339850933</IBAN></Id></DbtrAcct><RmtInf><Ustrd>Rechnung RE5303 Kunde K22598</Ustrd></RmtInf></DrctDbtTxInf><DrctDbtTxInf><PmtId><EndToEndId>FAK9MPJR7VDKIBQLMFMVIXMGEZWNU2UB</EndToEndId></PmtId><InstdAmt Ccy="EUR">13.75</InstdAmt><DrctDbtTx><MndtRltdInf><MndtId>K22609001</MndtId><DtOfSgntr>2021-06-14</DtOfSgntr><AmdmntInd>false</AmdmntInd></MndtRltdInf><CdtrSchmeId><Id><PrvtId><Othr><Id>DE36ZZZ00001457522</Id><SchmeNm><Prtry>SEPA</Prtry></SchmeNm></Othr></PrvtId></Id></CdtrSchmeId></DrctDbtTx><DbtrAgt><FinInstnId><BIC>COBADEFFXXX</BIC></FinInstnId></DbtrAgt><Dbtr><Nm>Erich Neupert</Nm></Dbtr><DbtrAcct><Id><IBAN>DE52830400000775549900</IBAN></Id></DbtrAcct><RmtInf><Ustrd>Rechnung RE5304 Kunde K22609</Ustrd></RmtInf></DrctDbtTxInf><DrctDbtTxInf><PmtId><EndToEndId>FAKYBUQ2M2IQM6T9DJ003GHYUTSGSHLZ</EndToEndId></PmtId><InstdAmt Ccy="EUR">3.15</InstdAmt><DrctDbtTx><MndtRltdInf><MndtId>K22949001</MndtId><DtOfSgntr>2021-06-21</DtOfSgntr><AmdmntInd>false</AmdmntInd></MndtRltdInf><CdtrSchmeId><Id><PrvtId><Othr><Id>DE36ZZZ00001457522</Id><SchmeNm><Prtry>SEPA</Prtry></SchmeNm></Othr></PrvtId></Id></CdtrSchmeId></DrctDbtTx><DbtrAgt><FinInstnId><BIC>BYLADEM1NES</BIC></FinInstnId></DbtrAgt><Dbtr><Nm>Peter Reichert</Nm></Dbtr><DbtrAcct><Id><IBAN>DE17793530900000862425</IBAN></Id></DbtrAcct><RmtInf><Ustrd>Rechnung RE5305 Kunde K22949</Ustrd></RmtInf></DrctDbtTxInf><DrctDbtTxInf><PmtId><EndToEndId>FAKLT02YRQ25HG1ZTRFZVVFVOVHSU1TH</EndToEndId></PmtId><InstdAmt Ccy="EUR">18.98</InstdAmt><DrctDbtTx><MndtRltdInf><MndtId>K22969001</MndtId><DtOfSgntr>2021-06-17</DtOfSgntr><AmdmntInd>false</AmdmntInd></MndtRltdInf><CdtrSchmeId><Id><PrvtId><Othr><Id>DE36ZZZ00001457522</Id><SchmeNm><Prtry>SEPA</Prtry></SchmeNm></Othr></PrvtId></Id></CdtrSchmeId></DrctDbtTx><DbtrAgt><FinInstnId><BIC>INGDDEFFXXX</BIC></FinInstnId></DbtrAgt><Dbtr><Nm>Stefan Wimmer</Nm></Dbtr><DbtrAcct><Id><IBAN>DE31500105175410983617</IBAN></Id></DbtrAcct><RmtInf><Ustrd>Rechnung RE5306 Kunde K22969</Ustrd></RmtInf></DrctDbtTxInf><DrctDbtTxInf><PmtId><EndToEndId>FAKADXRVZDEI8NPQC4D4Y3DN4ONXWNJS</EndToEndId></PmtId><InstdAmt Ccy="EUR">3.74</InstdAmt><DrctDbtTx><MndtRltdInf><MndtId>K22983001</MndtId><DtOfSgntr>2021-06-23</DtOfSgntr><AmdmntInd>false</AmdmntInd></MndtRltdInf><CdtrSchmeId><Id><PrvtId><Othr><Id>DE36ZZZ00001457522</Id><SchmeNm><Prtry>SEPA</Prtry></SchmeNm></Othr></PrvtId></Id></CdtrSchmeId></DrctDbtTx><DbtrAgt><FinInstnId><BIC>BYLADEM1NES</BIC></FinInstnId></DbtrAgt><Dbtr><Nm>Adam Fischer</Nm></Dbtr><DbtrAcct><Id><IBAN>DE02793530900000639401</IBAN></Id></DbtrAcct><RmtInf><Ustrd>Rechnung RE5307 Kunde K22983</Ustrd></RmtInf></DrctDbtTxInf><DrctDbtTxInf><PmtId><EndToEndId>FAKXP0I3LX9IYPIMQFCCGW1CKIF5KZTD</EndToEndId></PmtId><InstdAmt Ccy="EUR">27.32</InstdAmt><DrctDbtTx><MndtRltdInf><MndtId>K22985001</MndtId><DtOfSgntr>2021-06-23</DtOfSgntr><AmdmntInd>false</AmdmntInd></MndtRltdInf><CdtrSchmeId><Id><PrvtId><Othr><Id>DE36ZZZ00001457522</Id><SchmeNm><Prtry>SEPA</Prtry></SchmeNm></Othr></PrvtId></Id></CdtrSchmeId></DrctDbtTx><DbtrAgt><FinInstnId><BIC>BYLADEM1001</BIC></FinInstnId></DbtrAgt><Dbtr><Nm>Kim von Rüden</Nm></Dbtr><DbtrAcct><Id><IBAN>DE12120300001076295524</IBAN></Id></DbtrAcct><RmtInf><Ustrd>Rechnung RE5308 Kunde K22985</Ustrd></RmtInf></DrctDbtTxInf><DrctDbtTxInf><PmtId><EndToEndId>FAKP7TNGLORQ74TB8DPQR9ENTTEVCZMK</EndToEndId></PmtId><InstdAmt Ccy="EUR">345.25</InstdAmt><DrctDbtTx><MndtRltdInf><MndtId>K23183001</MndtId><DtOfSgntr>2021-08-12</DtOfSgntr><AmdmntInd>false</AmdmntInd></MndtRltdInf><CdtrSchmeId><Id><PrvtId><Othr><Id>DE36ZZZ00001457522</Id><SchmeNm><Prtry>SEPA</Prtry></SchmeNm></Othr></PrvtId></Id></CdtrSchmeId></DrctDbtTx><DbtrAgt><FinInstnId><BIC>HYVEDEMMXXX</BIC></FinInstnId></DbtrAgt><Dbtr><Nm>Sonja Zietlow</Nm></Dbtr><DbtrAcct><Id><IBAN>DE20700202705230109607</IBAN></Id></DbtrAcct><RmtInf><Ustrd>Rechnung RE5309 Kunde K23183</Ustrd></RmtInf></DrctDbtTxInf><DrctDbtTxInf><PmtId><EndToEndId>FAKG6YDVHCDRVCZARKR9E00ABCCKUIOM</EndToEndId></PmtId><InstdAmt Ccy="EUR">37.83</InstdAmt><DrctDbtTx><MndtRltdInf><MndtId>K24121001</MndtId><DtOfSgntr>2021-07-12</DtOfSgntr><AmdmntInd>false</AmdmntInd></MndtRltdInf><CdtrSchmeId><Id><PrvtId><Othr><Id>DE36ZZZ00001457522</Id><SchmeNm><Prtry>SEPA</Prtry></SchmeNm></Othr></PrvtId></Id></CdtrSchmeId></DrctDbtTx><DbtrAgt><FinInstnId><BIC>FLESDEMM</BIC></FinInstnId></DbtrAgt><Dbtr><Nm>Franz Huth</Nm></Dbtr><DbtrAcct><Id><IBAN>DE85793301110000006044</IBAN></Id></DbtrAcct><RmtInf><Ustrd>Rechnung RE5310 Kunde K24121</Ustrd></RmtInf></DrctDbtTxInf><DrctDbtTxInf><PmtId><EndToEndId>FAKHGIKVBW00JMGVNMO0R1PUJ5YGCHRH</EndToEndId></PmtId><InstdAmt Ccy="EUR">18.68</InstdAmt><DrctDbtTx><MndtRltdInf><MndtId>K24165001</MndtId><DtOfSgntr>2021-06-26</DtOfSgntr><AmdmntInd>false</AmdmntInd></MndtRltdInf><CdtrSchmeId><Id><PrvtId><Othr><Id>DE36ZZZ00001457522</Id><SchmeNm><Prtry>SEPA</Prtry></SchmeNm></Othr></PrvtId></Id></CdtrSchmeId></DrctDbtTx><DbtrAgt><FinInstnId><BIC>COBADEFFXXX</BIC></FinInstnId></DbtrAgt><Dbtr><Nm>Marek Hübner</Nm></Dbtr><DbtrAcct><Id><IBAN>DE61310400150158245100</IBAN></Id></DbtrAcct><RmtInf><Ustrd>Rechnung RE5311 Kunde K24165</Ustrd></RmtInf></DrctDbtTxInf><DrctDbtTxInf><PmtId><EndToEndId>FAK3PYLNMJTU9XH9JXZDGKI4BTAIEXAM</EndToEndId></PmtId><InstdAmt Ccy="EUR">36.93</InstdAmt><DrctDbtTx><MndtRltdInf><MndtId>K11577001</MndtId><DtOfSgntr>2021-07-23</DtOfSgntr><AmdmntInd>false</AmdmntInd></MndtRltdInf><CdtrSchmeId><Id><PrvtId><Othr><Id>DE36ZZZ00001457522</Id><SchmeNm><Prtry>SEPA</Prtry></SchmeNm></Othr></PrvtId></Id></CdtrSchmeId></DrctDbtTx><DbtrAgt><FinInstnId><BIC>GENODEF1GLU</BIC></FinInstnId></DbtrAgt><Dbtr><Nm>Daniel Streibler</Nm></Dbtr><DbtrAcct><Id><IBAN>DE44530620350200432300</IBAN></Id></DbtrAcct><RmtInf><Ustrd>Rechnung RE5312 Kunde K11577</Ustrd></RmtInf></DrctDbtTxInf><DrctDbtTxInf><PmtId><EndToEndId>FAKYIADAARQKR4HNKVJGG8ZNWKH8EMRT</EndToEndId></PmtId><InstdAmt Ccy="EUR">26.93</InstdAmt><DrctDbtTx><MndtRltdInf><MndtId>K18436001</MndtId><DtOfSgntr>2021-02-04</DtOfSgntr><AmdmntInd>false</AmdmntInd></MndtRltdInf><CdtrSchmeId><Id><PrvtId><Othr><Id>DE36ZZZ00001457522</Id><SchmeNm><Prtry>SEPA</Prtry></SchmeNm></Othr></PrvtId></Id></CdtrSchmeId></DrctDbtTx><DbtrAgt><FinInstnId><BIC>BYLADEM1001</BIC></FinInstnId></DbtrAgt><Dbtr><Nm>Christian Ruppe</Nm></Dbtr><DbtrAcct><Id><IBAN>DE87120300000000981274</IBAN></Id></DbtrAcct><RmtInf><Ustrd>Rechnung RE5313 Kunde K18436</Ustrd></RmtInf></DrctDbtTxInf><DrctDbtTxInf><PmtId><EndToEndId>FAKRDQE8OUDV1NGNZYVMB3S3IS0WQIO5</EndToEndId></PmtId><InstdAmt Ccy="EUR">19.99</InstdAmt><DrctDbtTx><MndtRltdInf><MndtId>K20763001</MndtId><DtOfSgntr>2021-05-25</DtOfSgntr><AmdmntInd>false</AmdmntInd></MndtRltdInf><CdtrSchmeId><Id><PrvtId><Othr><Id>DE36ZZZ00001457522</Id><SchmeNm><Prtry>SEPA</Prtry></SchmeNm></Othr></PrvtId></Id></CdtrSchmeId></DrctDbtTx><DbtrAgt><FinInstnId><BIC>GENODE51KS1</BIC></FinInstnId></DbtrAgt><Dbtr><Nm>Thomas Nolte</Nm></Dbtr><DbtrAcct><Id><IBAN>DE78520900000140222429</IBAN></Id></DbtrAcct><RmtInf><Ustrd>Rechnung RE5316 Kunde K20763</Ustrd></RmtInf></DrctDbtTxInf><DrctDbtTxInf><PmtId><EndToEndId>FAKBL5UOHISE32Y1Q2NROPC9KSTYTLRS</EndToEndId></PmtId><InstdAmt Ccy="EUR">19.99</InstdAmt><DrctDbtTx><MndtRltdInf><MndtId>K20934001</MndtId><DtOfSgntr>2021-05-31</DtOfSgntr><AmdmntInd>false</AmdmntInd></MndtRltdInf><CdtrSchmeId><Id><PrvtId><Othr><Id>DE36ZZZ00001457522</Id><SchmeNm><Prtry>SEPA</Prtry></SchmeNm></Othr></PrvtId></Id></CdtrSchmeId></DrctDbtTx><DbtrAgt><FinInstnId><BIC>SKGIDE5FXXX</BIC></FinInstnId></DbtrAgt><Dbtr><Nm>Stefan Heupel</Nm></Dbtr><DbtrAcct><Id><IBAN>DE39513500250005311438</IBAN></Id></DbtrAcct><RmtInf><Ustrd>Rechnung RE5319 Kunde K20934</Ustrd></RmtInf></DrctDbtTxInf><DrctDbtTxInf><PmtId><EndToEndId>FAKU3E49XUGGQTQHLAWXZDQQRNWAQMMY</EndToEndId></PmtId><InstdAmt Ccy="EUR">10.98</InstdAmt><DrctDbtTx><MndtRltdInf><MndtId>K24302001</MndtId><DtOfSgntr>2021-06-24</DtOfSgntr><AmdmntInd>false</AmdmntInd></MndtRltdInf><CdtrSchmeId><Id><PrvtId><Othr><Id>DE36ZZZ00001457522</Id><SchmeNm><Prtry>SEPA</Prtry></SchmeNm></Othr></PrvtId></Id></CdtrSchmeId></DrctDbtTx><DbtrAgt><FinInstnId><BIC>DRESDEFF300</BIC></FinInstnId></DbtrAgt><Dbtr><Nm>Michael Huter</Nm></Dbtr><DbtrAcct><Id><IBAN>DE09300800000642539200</IBAN></Id></DbtrAcct><RmtInf><Ustrd>Rechnung RE5324 Kunde K24302</Ustrd></RmtInf></DrctDbtTxInf><DrctDbtTxInf><PmtId><EndToEndId>FAKKSHGTHY6GS7ANPLK854FBD24UN61C</EndToEndId></PmtId><InstdAmt Ccy="EUR">41.07</InstdAmt><DrctDbtTx><MndtRltdInf><MndtId>K24305001</MndtId><DtOfSgntr>2021-06-28</DtOfSgntr><AmdmntInd>false</AmdmntInd></MndtRltdInf><CdtrSchmeId><Id><PrvtId><Othr><Id>DE36ZZZ00001457522</Id><SchmeNm><Prtry>SEPA</Prtry></SchmeNm></Othr></PrvtId></Id></CdtrSchmeId></DrctDbtTx><DbtrAgt><FinInstnId><BIC>COBADEFFXXX</BIC></FinInstnId></DbtrAgt><Dbtr><Nm>Sven Klauke</Nm></Dbtr><DbtrAcct><Id><IBAN>DE57200400000387880800</IBAN></Id></DbtrAcct><RmtInf><Ustrd>Rechnung RE5325 Kunde K24305</Ustrd></RmtInf></DrctDbtTxInf><DrctDbtTxInf><PmtId><EndToEndId>FAKVOB0TQCHPLMVA9H3PR3MEEWE0IPPZ</EndToEndId></PmtId><InstdAmt Ccy="EUR">19.99</InstdAmt><DrctDbtTx><MndtRltdInf><MndtId>K16423001</MndtId><DtOfSgntr>2021-07-15</DtOfSgntr><AmdmntInd>false</AmdmntInd></MndtRltdInf><CdtrSchmeId><Id><PrvtId><Othr><Id>DE36ZZZ00001457522</Id><SchmeNm><Prtry>SEPA</Prtry></SchmeNm></Othr></PrvtId></Id></CdtrSchmeId></DrctDbtTx><DbtrAgt><FinInstnId><BIC>HELADEF1KOR</BIC></FinInstnId></DbtrAgt><Dbtr><Nm>Andreas Gottmann</Nm></Dbtr><DbtrAcct><Id><IBAN>DE75523500050002958585</IBAN></Id></DbtrAcct><RmtInf><Ustrd>Rechnung RE5460 Kunde K16423</Ustrd></RmtInf></DrctDbtTxInf><DrctDbtTxInf><PmtId><EndToEndId>FAKWLA8YXPCD9B3PGM3F93ADSRIO3WJV</EndToEndId></PmtId><InstdAmt Ccy="EUR">14.66</InstdAmt><DrctDbtTx><MndtRltdInf><MndtId>K18899001</MndtId><DtOfSgntr>2021-07-16</DtOfSgntr><AmdmntInd>false</AmdmntInd></MndtRltdInf><CdtrSchmeId><Id><PrvtId><Othr><Id>DE36ZZZ00001457522</Id><SchmeNm><Prtry>SEPA</Prtry></SchmeNm></Othr></PrvtId></Id></CdtrSchmeId></DrctDbtTx><DbtrAgt><FinInstnId><BIC>PBNKDEFFXXX</BIC></FinInstnId></DbtrAgt><Dbtr><Nm>Detlev Winkler</Nm></Dbtr><DbtrAcct><Id><IBAN>DE31440100460144356469</IBAN></Id></DbtrAcct><RmtInf><Ustrd>Rechnung RE5463 Kunde K18899</Ustrd></RmtInf></DrctDbtTxInf><DrctDbtTxInf><PmtId><EndToEndId>FAKKM581DZOQX1HSGKLOUTGAV8EGGBOR</EndToEndId></PmtId><InstdAmt Ccy="EUR">6.32</InstdAmt><DrctDbtTx><MndtRltdInf><MndtId>K20251001</MndtId><DtOfSgntr>2021-06-30</DtOfSgntr><AmdmntInd>false</AmdmntInd></MndtRltdInf><CdtrSchmeId><Id><PrvtId><Othr><Id>DE36ZZZ00001457522</Id><SchmeNm><Prtry>SEPA</Prtry></SchmeNm></Othr></PrvtId></Id></CdtrSchmeId></DrctDbtTx><DbtrAgt><FinInstnId><BIC>GENODEF1ESW</BIC></FinInstnId></DbtrAgt><Dbtr><Nm>Klemens Kresin</Nm></Dbtr><DbtrAcct><Id><IBAN>DE94522603850003927172</IBAN></Id></DbtrAcct><RmtInf><Ustrd>Rechnung RE5465 Kunde K20251</Ustrd></RmtInf></DrctDbtTxInf><DrctDbtTxInf><PmtId><EndToEndId>FAKUAFGOJP71QXHJFGYLQZVWQ0ZJSJDO</EndToEndId></PmtId><InstdAmt Ccy="EUR">24.82</InstdAmt><DrctDbtTx><MndtRltdInf><MndtId>K20977001</MndtId><DtOfSgntr>2021-05-27</DtOfSgntr><AmdmntInd>false</AmdmntInd></MndtRltdInf><CdtrSchmeId><Id><PrvtId><Othr><Id>DE36ZZZ00001457522</Id><SchmeNm><Prtry>SEPA</Prtry></SchmeNm></Othr></PrvtId></Id></CdtrSchmeId></DrctDbtTx><DbtrAgt><FinInstnId><BIC>VBMHDE5FXXX</BIC></FinInstnId></DbtrAgt><Dbtr><Nm>Matthias Strauß</Nm></Dbtr><DbtrAcct><Id><IBAN>DE22513900000073460107</IBAN></Id></DbtrAcct><RmtInf><Ustrd>Rechnung RE5466 Kunde K20977</Ustrd></RmtInf></DrctDbtTxInf><DrctDbtTxInf><PmtId><EndToEndId>FAKPO2WCSLVYPS3AEUFYMQUYPZIWU92R</EndToEndId></PmtId><InstdAmt Ccy="EUR">13.49</InstdAmt><DrctDbtTx><MndtRltdInf><MndtId>K21401001</MndtId><DtOfSgntr>2021-05-29</DtOfSgntr><AmdmntInd>false</AmdmntInd></MndtRltdInf><CdtrSchmeId><Id><PrvtId><Othr><Id>DE36ZZZ00001457522</Id><SchmeNm><Prtry>SEPA</Prtry></SchmeNm></Othr></PrvtId></Id></CdtrSchmeId></DrctDbtTx><DbtrAgt><FinInstnId><BIC>INGDDEFFXXX</BIC></FinInstnId></DbtrAgt><Dbtr><Nm>Josef Schäfer</Nm></Dbtr><DbtrAcct><Id><IBAN>DE18500105175407175728</IBAN></Id></DbtrAcct><RmtInf><Ustrd>Rechnung RE5467 Kunde K21401</Ustrd></RmtInf></DrctDbtTxInf><DrctDbtTxInf><PmtId><EndToEndId>FAKDSVUW70PBEP5UZVBHLOSNCPOD0IBR</EndToEndId></PmtId><InstdAmt Ccy="EUR">8.2</InstdAmt><DrctDbtTx><MndtRltdInf><MndtId>K21552001</MndtId><DtOfSgntr>2021-05-06</DtOfSgntr><AmdmntInd>false</AmdmntInd></MndtRltdInf><CdtrSchmeId><Id><PrvtId><Othr><Id>DE36ZZZ00001457522</Id><SchmeNm><Prtry>SEPA</Prtry></SchmeNm></Othr></PrvtId></Id></CdtrSchmeId></DrctDbtTx><DbtrAgt><FinInstnId><BIC>HELADEF1GRG</BIC></FinInstnId></DbtrAgt><Dbtr><Nm>Robert Sachse</Nm></Dbtr><DbtrAcct><Id><IBAN>DE52508525530117389494</IBAN></Id></DbtrAcct><RmtInf><Ustrd>Rechnung RE5468 Kunde K21552</Ustrd></RmtInf></DrctDbtTxInf><DrctDbtTxInf><PmtId><EndToEndId>FAKTFXKTX41AEZQBW9DUAYUZRMDMH0UM</EndToEndId></PmtId><InstdAmt Ccy="EUR">2.49</InstdAmt><DrctDbtTx><MndtRltdInf><MndtId>K21663001</MndtId><DtOfSgntr>2021-05-17</DtOfSgntr><AmdmntInd>false</AmdmntInd></MndtRltdInf><CdtrSchmeId><Id><PrvtId><Othr><Id>DE36ZZZ00001457522</Id><SchmeNm><Prtry>SEPA</Prtry></SchmeNm></Othr></PrvtId></Id></CdtrSchmeId></DrctDbtTx><DbtrAgt><FinInstnId><BIC>GENODEF1WU1</BIC></FinInstnId></DbtrAgt><Dbtr><Nm>Erhard Rada</Nm></Dbtr><DbtrAcct><Id><IBAN>DE04790900000008943451</IBAN></Id></DbtrAcct><RmtInf><Ustrd>Rechnung RE5469 Kunde K21663</Ustrd></RmtInf></DrctDbtTxInf><DrctDbtTxInf><PmtId><EndToEndId>FAKANR19IIRK6VY6F8IMK2PFYJ9EWGGW</EndToEndId></PmtId><InstdAmt Ccy="EUR">19.99</InstdAmt><DrctDbtTx><MndtRltdInf><MndtId>K8087001</MndtId><DtOfSgntr>2021-07-14</DtOfSgntr><AmdmntInd>false</AmdmntInd></MndtRltdInf><CdtrSchmeId><Id><PrvtId><Othr><Id>DE36ZZZ00001457522</Id><SchmeNm><Prtry>SEPA</Prtry></SchmeNm></Othr></PrvtId></Id></CdtrSchmeId></DrctDbtTx><DbtrAgt><FinInstnId><BIC>HELADEF1KOR</BIC></FinInstnId></DbtrAgt><Dbtr><Nm>Tobias Hecker</Nm></Dbtr><DbtrAcct><Id><IBAN>DE63523500050005840574</IBAN></Id></DbtrAcct><RmtInf><Ustrd>Rechnung RE5326 Kunde K8087</Ustrd></RmtInf></DrctDbtTxInf><DrctDbtTxInf><PmtId><EndToEndId>FAKGYFFEAGDLE0ZYUHRBSVESMGD9BMO5</EndToEndId></PmtId><InstdAmt Ccy="EUR">3.61</InstdAmt><DrctDbtTx><MndtRltdInf><MndtId>K22525001</MndtId><DtOfSgntr>2021-06-07</DtOfSgntr><AmdmntInd>false</AmdmntInd></MndtRltdInf><CdtrSchmeId><Id><PrvtId><Othr><Id>DE36ZZZ00001457522</Id><SchmeNm><Prtry>SEPA</Prtry></SchmeNm></Othr></PrvtId></Id></CdtrSchmeId></DrctDbtTx><DbtrAgt><FinInstnId><BIC>PBNKDEFF</BIC></FinInstnId></DbtrAgt><Dbtr><Nm>Thomas Szymanowski</Nm></Dbtr><DbtrAcct><Id><IBAN>DE13600100700426062704</IBAN></Id></DbtrAcct><RmtInf><Ustrd>Rechnung RE5329 Kunde K22525</Ustrd></RmtInf></DrctDbtTxInf><DrctDbtTxInf><PmtId><EndToEndId>FAKJGFAIVH66XOROWZQ0SSOBBWKVSPEV</EndToEndId></PmtId><InstdAmt Ccy="EUR">21.57</InstdAmt><DrctDbtTx><MndtRltdInf><MndtId>K22583001</MndtId><DtOfSgntr>2021-06-09</DtOfSgntr><AmdmntInd>false</AmdmntInd></MndtRltdInf><CdtrSchmeId><Id><PrvtId><Othr><Id>DE36ZZZ00001457522</Id><SchmeNm><Prtry>SEPA</Prtry></SchmeNm></Othr></PrvtId></Id></CdtrSchmeId></DrctDbtTx><DbtrAgt><FinInstnId><BIC>MALADE51AKI</BIC></FinInstnId></DbtrAgt><Dbtr><Nm>Abdullah Kurt</Nm></Dbtr><DbtrAcct><Id><IBAN>DE88573510300160012993</IBAN></Id></DbtrAcct><RmtInf><Ustrd>Rechnung RE5330 Kunde K22583</Ustrd></RmtInf></DrctDbtTxInf><DrctDbtTxInf><PmtId><EndToEndId>FAK5JQYLFFE7V82BXRZQXCM9CBPH8A68</EndToEndId></PmtId><InstdAmt Ccy="EUR">48.39</InstdAmt><DrctDbtTx><MndtRltdInf><MndtId>K22771001</MndtId><DtOfSgntr>2021-06-17</DtOfSgntr><AmdmntInd>false</AmdmntInd></MndtRltdInf><CdtrSchmeId><Id><PrvtId><Othr><Id>DE36ZZZ00001457522</Id><SchmeNm><Prtry>SEPA</Prtry></SchmeNm></Othr></PrvtId></Id></CdtrSchmeId></DrctDbtTx><DbtrAgt><FinInstnId><BIC>GENODEF1SHL</BIC></FinInstnId></DbtrAgt><Dbtr><Nm>Jörg Rühlmann</Nm></Dbtr><DbtrAcct><Id><IBAN>DE18840948145006501150</IBAN></Id></DbtrAcct><RmtInf><Ustrd>Rechnung RE5331 Kunde K22771</Ustrd></RmtInf></DrctDbtTxInf><DrctDbtTxInf><PmtId><EndToEndId>FAKKLHR54GVMFRDPK15BN3BWNM8LCGLP</EndToEndId></PmtId><InstdAmt Ccy="EUR">118.07</InstdAmt><DrctDbtTx><MndtRltdInf><MndtId>K22888001</MndtId><DtOfSgntr>2021-06-16</DtOfSgntr><AmdmntInd>false</AmdmntInd></MndtRltdInf><CdtrSchmeId><Id><PrvtId><Othr><Id>DE36ZZZ00001457522</Id><SchmeNm><Prtry>SEPA</Prtry></SchmeNm></Othr></PrvtId></Id></CdtrSchmeId></DrctDbtTx><DbtrAgt><FinInstnId><BIC>NORSDE51XXX</BIC></FinInstnId></DbtrAgt><Dbtr><Nm>Simone Fella-Bötsch</Nm></Dbtr><DbtrAcct><Id><IBAN>DE34100777770055773600</IBAN></Id></DbtrAcct><RmtInf><Ustrd>Rechnung RE5332 Kunde K22888</Ustrd></RmtInf></DrctDbtTxInf><DrctDbtTxInf><PmtId><EndToEndId>FAKDPYXIJRFR0M7PQHWVZLLKEPE9MPGY</EndToEndId></PmtId><InstdAmt Ccy="EUR">12.92</InstdAmt><DrctDbtTx><MndtRltdInf><MndtId>K23947001</MndtId><DtOfSgntr>2021-09-06</DtOfSgntr><AmdmntInd>false</AmdmntInd></MndtRltdInf><CdtrSchmeId><Id><PrvtId><Othr><Id>DE36ZZZ00001457522</Id><SchmeNm><Prtry>SEPA</Prtry></SchmeNm></Othr></PrvtId></Id></CdtrSchmeId></DrctDbtTx><DbtrAgt><FinInstnId><BIC>BYLADEM1KSW</BIC></FinInstnId></DbtrAgt><Dbtr><Nm>Josef Gräf</Nm></Dbtr><DbtrAcct><Id><IBAN>DE57793501010000553818</IBAN></Id></DbtrAcct><RmtInf><Ustrd>Rechnung RE5334 Kunde K23947</Ustrd></RmtInf></DrctDbtTxInf><DrctDbtTxInf><PmtId><EndToEndId>FAKRINYXWAXNSJRO3FNXF3UFRH81HWPT</EndToEndId></PmtId><InstdAmt Ccy="EUR">5.55</InstdAmt><DrctDbtTx><MndtRltdInf><MndtId>K24426001</MndtId><DtOfSgntr>2021-07-19</DtOfSgntr><AmdmntInd>false</AmdmntInd></MndtRltdInf><CdtrSchmeId><Id><PrvtId><Othr><Id>DE36ZZZ00001457522</Id><SchmeNm><Prtry>SEPA</Prtry></SchmeNm></Othr></PrvtId></Id></CdtrSchmeId></DrctDbtTx><DbtrAgt><FinInstnId><BIC>INGDDEFFXXX</BIC></FinInstnId></DbtrAgt><Dbtr><Nm>Annette Schäfer</Nm></Dbtr><DbtrAcct><Id><IBAN>DE26500105175413440814</IBAN></Id></DbtrAcct><RmtInf><Ustrd>Rechnung RE5335 Kunde K24426</Ustrd></RmtInf></DrctDbtTxInf><DrctDbtTxInf><PmtId><EndToEndId>FAKVWUAOIIEHFSOMOUHMEE3LRWO15Q2Y</EndToEndId></PmtId><InstdAmt Ccy="EUR">2.73</InstdAmt><DrctDbtTx><MndtRltdInf><MndtId>K24428001</MndtId><DtOfSgntr>2021-07-01</DtOfSgntr><AmdmntInd>false</AmdmntInd></MndtRltdInf><CdtrSchmeId><Id><PrvtId><Othr><Id>DE36ZZZ00001457522</Id><SchmeNm><Prtry>SEPA</Prtry></SchmeNm></Othr></PrvtId></Id></CdtrSchmeId></DrctDbtTx><DbtrAgt><FinInstnId><BIC>BYLADEM1NES</BIC></FinInstnId></DbtrAgt><Dbtr><Nm>Joachim Stäblein</Nm></Dbtr><DbtrAcct><Id><IBAN>DE40793530900000553842</IBAN></Id></DbtrAcct><RmtInf><Ustrd>Rechnung RE5336 Kunde K24428</Ustrd></RmtInf></DrctDbtTxInf><DrctDbtTxInf><PmtId><EndToEndId>FAKVQMJFJORGN8PRSZRUFMJVWF7NSIFK</EndToEndId></PmtId><InstdAmt Ccy="EUR">17.45</InstdAmt><DrctDbtTx><MndtRltdInf><MndtId>K24431001</MndtId><DtOfSgntr>2021-07-20</DtOfSgntr><AmdmntInd>false</AmdmntInd></MndtRltdInf><CdtrSchmeId><Id><PrvtId><Othr><Id>DE36ZZZ00001457522</Id><SchmeNm><Prtry>SEPA</Prtry></SchmeNm></Othr></PrvtId></Id></CdtrSchmeId></DrctDbtTx><DbtrAgt><FinInstnId><BIC>GENODEF1DRA</BIC></FinInstnId></DbtrAgt><Dbtr><Nm>Thorsten Zwack</Nm></Dbtr><DbtrAcct><Id><IBAN>DE06260624330008400261</IBAN></Id></DbtrAcct><RmtInf><Ustrd>Rechnung RE5337 Kunde K24431</Ustrd></RmtInf></DrctDbtTxInf><DrctDbtTxInf><PmtId><EndToEndId>FAKZNCNF0VO8USGCXHF9YEAF4LWEAM3B</EndToEndId></PmtId><InstdAmt Ccy="EUR">116.01</InstdAmt><DrctDbtTx><MndtRltdInf><MndtId>K24438001</MndtId><DtOfSgntr>2021-07-21</DtOfSgntr><AmdmntInd>false</AmdmntInd></MndtRltdInf><CdtrSchmeId><Id><PrvtId><Othr><Id>DE36ZZZ00001457522</Id><SchmeNm><Prtry>SEPA</Prtry></SchmeNm></Othr></PrvtId></Id></CdtrSchmeId></DrctDbtTx><DbtrAgt><FinInstnId><BIC>DAAEDEDDXXX</BIC></FinInstnId></DbtrAgt><Dbtr><Nm>Rüdiger Loos</Nm></Dbtr><DbtrAcct><Id><IBAN>DE63300606010008670145</IBAN></Id></DbtrAcct><RmtInf><Ustrd>Rechnung RE5339 Kunde K24438</Ustrd></RmtInf></DrctDbtTxInf><DrctDbtTxInf><PmtId><EndToEndId>FAKKL0GCCJWP8JRDXI8SX0KNUSYMEYZN</EndToEndId></PmtId><InstdAmt Ccy="EUR">9.03</InstdAmt><DrctDbtTx><MndtRltdInf><MndtId>K24441001</MndtId><DtOfSgntr>2021-07-20</DtOfSgntr><AmdmntInd>false</AmdmntInd></MndtRltdInf><CdtrSchmeId><Id><PrvtId><Othr><Id>DE36ZZZ00001457522</Id><SchmeNm><Prtry>SEPA</Prtry></SchmeNm></Othr></PrvtId></Id></CdtrSchmeId></DrctDbtTx><DbtrAgt><FinInstnId><BIC>BYLADEM1KSW</BIC></FinInstnId></DbtrAgt><Dbtr><Nm>Jürgen Rennert</Nm></Dbtr><DbtrAcct><Id><IBAN>DE63793501010000532176</IBAN></Id></DbtrAcct><RmtInf><Ustrd>Rechnung RE5340 Kunde K24441</Ustrd></RmtInf></DrctDbtTxInf><DrctDbtTxInf><PmtId><EndToEndId>FAKOUVZOYGZXGE2MTQCME6U8Y6ZV6HI6</EndToEndId></PmtId><InstdAmt Ccy="EUR">55.47</InstdAmt><DrctDbtTx><MndtRltdInf><MndtId>K22250001</MndtId><DtOfSgntr>2021-05-31</DtOfSgntr><AmdmntInd>false</AmdmntInd></MndtRltdInf><CdtrSchmeId><Id><PrvtId><Othr><Id>DE36ZZZ00001457522</Id><SchmeNm><Prtry>SEPA</Prtry></SchmeNm></Othr></PrvtId></Id></CdtrSchmeId></DrctDbtTx><DbtrAgt><FinInstnId><BIC>VOHADE2HXXX</BIC></FinInstnId></DbtrAgt><Dbtr><Nm>Sebastian Hoffmann</Nm></Dbtr><DbtrAcct><Id><IBAN>DE09251900010790223900</IBAN></Id></DbtrAcct><RmtInf><Ustrd>Rechnung RE5328 Kunde K22250</Ustrd></RmtInf></DrctDbtTxInf><DrctDbtTxInf><PmtId><EndToEndId>FAK0EV34VR1QS3IFPMERXWHMFCJKOFDB</EndToEndId></PmtId><InstdAmt Ccy="EUR">67.69</InstdAmt><DrctDbtTx><MndtRltdInf><MndtId>K23769001</MndtId><DtOfSgntr>2021-06-30</DtOfSgntr><AmdmntInd>false</AmdmntInd></MndtRltdInf><CdtrSchmeId><Id><PrvtId><Othr><Id>DE36ZZZ00001457522</Id><SchmeNm><Prtry>SEPA</Prtry></SchmeNm></Othr></PrvtId></Id></CdtrSchmeId></DrctDbtTx><DbtrAgt><FinInstnId><BIC>GENODEF1BRK</BIC></FinInstnId></DbtrAgt><Dbtr><Nm>Konrad Kiesel</Nm></Dbtr><DbtrAcct><Id><IBAN>DE37790650280005915945</IBAN></Id></DbtrAcct><RmtInf><Ustrd>Rechnung RE5333 Kunde K23769</Ustrd></RmtInf></DrctDbtTxInf><DrctDbtTxInf><PmtId><EndToEndId>FAKRIZD7NISNDLUJFKMGZUPYSCIBJKQH</EndToEndId></PmtId><InstdAmt Ccy="EUR">2.21</InstdAmt><DrctDbtTx><MndtRltdInf><MndtId>K24435001</MndtId><DtOfSgntr>2021-07-20</DtOfSgntr><AmdmntInd>false</AmdmntInd></MndtRltdInf><CdtrSchmeId><Id><PrvtId><Othr><Id>DE36ZZZ00001457522</Id><SchmeNm><Prtry>SEPA</Prtry></SchmeNm></Othr></PrvtId></Id></CdtrSchmeId></DrctDbtTx><DbtrAgt><FinInstnId><BIC>BYLADEM1KSW</BIC></FinInstnId></DbtrAgt><Dbtr><Nm>Andreas Hofmann</Nm></Dbtr><DbtrAcct><Id><IBAN>DE22793501010009256512</IBAN></Id></DbtrAcct><RmtInf><Ustrd>Rechnung RE5338 Kunde K24435</Ustrd></RmtInf></DrctDbtTxInf><DrctDbtTxInf><PmtId><EndToEndId>FAKUFHKJXQ7KQZTLVLUIILNCEYAFKXJE</EndToEndId></PmtId><InstdAmt Ccy="EUR">10.96</InstdAmt><DrctDbtTx><MndtRltdInf><MndtId>K20901001</MndtId><DtOfSgntr>2021-04-21</DtOfSgntr><AmdmntInd>false</AmdmntInd></MndtRltdInf><CdtrSchmeId><Id><PrvtId><Othr><Id>DE36ZZZ00001457522</Id><SchmeNm><Prtry>SEPA</Prtry></SchmeNm></Othr></PrvtId></Id></CdtrSchmeId></DrctDbtTx><DbtrAgt><FinInstnId><BIC>BYLADEM1KSW</BIC></FinInstnId></DbtrAgt><Dbtr><Nm>Werner Hartmann</Nm></Dbtr><DbtrAcct><Id><IBAN>DE70793501010000553875</IBAN></Id></DbtrAcct><RmtInf><Ustrd>Rechnung RE5341 Kunde K20901</Ustrd></RmtInf></DrctDbtTxInf><DrctDbtTxInf><PmtId><EndToEndId>FAK20EEQEGJC0QQLN6WXUGMR7WNOJXIC</EndToEndId></PmtId><InstdAmt Ccy="EUR">7.21</InstdAmt><DrctDbtTx><MndtRltdInf><MndtId>K21725001</MndtId><DtOfSgntr>2021-05-17</DtOfSgntr><AmdmntInd>false</AmdmntInd></MndtRltdInf><CdtrSchmeId><Id><PrvtId><Othr><Id>DE36ZZZ00001457522</Id><SchmeNm><Prtry>SEPA</Prtry></SchmeNm></Othr></PrvtId></Id></CdtrSchmeId></DrctDbtTx><DbtrAgt><FinInstnId><BIC>CMCIDEDDXXX</BIC></FinInstnId></DbtrAgt><Dbtr><Nm>Tobias Manil</Nm></Dbtr><DbtrAcct><Id><IBAN>DE18300209000901720772</IBAN></Id></DbtrAcct><RmtInf><Ustrd>Rechnung RE5342 Kunde K21725</Ustrd></RmtInf></DrctDbtTxInf><DrctDbtTxInf><PmtId><EndToEndId>FAKLCT9NNBORF7IU0GE2ZWNY8CAPVQMQ</EndToEndId></PmtId><InstdAmt Ccy="EUR">42.38</InstdAmt><DrctDbtTx><MndtRltdInf><MndtId>K24456001</MndtId><DtOfSgntr>2021-06-23</DtOfSgntr><AmdmntInd>false</AmdmntInd></MndtRltdInf><CdtrSchmeId><Id><PrvtId><Othr><Id>DE36ZZZ00001457522</Id><SchmeNm><Prtry>SEPA</Prtry></SchmeNm></Othr></PrvtId></Id></CdtrSchmeId></DrctDbtTx><DbtrAgt><FinInstnId><BIC>NOLADE21GFW</BIC></FinInstnId></DbtrAgt><Dbtr><Nm>Gero Mulkau</Nm></Dbtr><DbtrAcct><Id><IBAN>DE59269513110111403622</IBAN></Id></DbtrAcct><RmtInf><Ustrd>Rechnung RE5345 Kunde K24456</Ustrd></RmtInf></DrctDbtTxInf><DrctDbtTxInf><PmtId><EndToEndId>FAKJZTFBIJFFJKSXGBROC2OHBPQRZV9F</EndToEndId></PmtId><InstdAmt Ccy="EUR">45.27</InstdAmt><DrctDbtTx><MndtRltdInf><MndtId>K24477001</MndtId><DtOfSgntr>2021-07-12</DtOfSgntr><AmdmntInd>false</AmdmntInd></MndtRltdInf><CdtrSchmeId><Id><PrvtId><Othr><Id>DE36ZZZ00001457522</Id><SchmeNm><Prtry>SEPA</Prtry></SchmeNm></Othr></PrvtId></Id></CdtrSchmeId></DrctDbtTx><DbtrAgt><FinInstnId><BIC>BYLADEM1ING</BIC></FinInstnId></DbtrAgt><Dbtr><Nm>Prof. Dr. Bernd-Robert Höhn</Nm></Dbtr><DbtrAcct><Id><IBAN>DE30721500000018913632</IBAN></Id></DbtrAcct><RmtInf><Ustrd>Rechnung RE5346 Kunde K24477</Ustrd></RmtInf></DrctDbtTxInf><DrctDbtTxInf><PmtId><EndToEndId>FAKLONNHLQE4WVWQ9ZAROCUQZZGPJ6DS</EndToEndId></PmtId><InstdAmt Ccy="EUR">10.06</InstdAmt><DrctDbtTx><MndtRltdInf><MndtId>K24533001</MndtId><DtOfSgntr>2021-08-01</DtOfSgntr><AmdmntInd>false</AmdmntInd></MndtRltdInf><CdtrSchmeId><Id><PrvtId><Othr><Id>DE36ZZZ00001457522</Id><SchmeNm><Prtry>SEPA</Prtry></SchmeNm></Othr></PrvtId></Id></CdtrSchmeId></DrctDbtTx><DbtrAgt><FinInstnId><BIC>BYLADEM1KIS</BIC></FinInstnId></DbtrAgt><Dbtr><Nm>Christian  Kühnlein </Nm></Dbtr><DbtrAcct><Id><IBAN>DE65793510100000817981</IBAN></Id></DbtrAcct><RmtInf><Ustrd>Rechnung RE5347 Kunde K24533</Ustrd></RmtInf></DrctDbtTxInf><DrctDbtTxInf><PmtId><EndToEndId>FAKFRESQWUANH05KSY89JD2SA6LPYN23</EndToEndId></PmtId><InstdAmt Ccy="EUR">103.06</InstdAmt><DrctDbtTx><MndtRltdInf><MndtId>K24541001</MndtId><DtOfSgntr>2021-07-24</DtOfSgntr><AmdmntInd>false</AmdmntInd></MndtRltdInf><CdtrSchmeId><Id><PrvtId><Othr><Id>DE36ZZZ00001457522</Id><SchmeNm><Prtry>SEPA</Prtry></SchmeNm></Othr></PrvtId></Id></CdtrSchmeId></DrctDbtTx><DbtrAgt><FinInstnId><BIC>GENODES1VMN</BIC></FinInstnId></DbtrAgt><Dbtr><Nm>Sven Reinhardt</Nm></Dbtr><DbtrAcct><Id><IBAN>DE13620916000852583001</IBAN></Id></DbtrAcct><RmtInf><Ustrd>Rechnung RE5348 Kunde K24541</Ustrd></RmtInf></DrctDbtTxInf><DrctDbtTxInf><PmtId><EndToEndId>FAKMWGEGTOMIX6UC6UISLAWXTWULP35U</EndToEndId></PmtId><InstdAmt Ccy="EUR">187.19</InstdAmt><DrctDbtTx><MndtRltdInf><MndtId>K24544001</MndtId><DtOfSgntr>2021-08-03</DtOfSgntr><AmdmntInd>false</AmdmntInd></MndtRltdInf><CdtrSchmeId><Id><PrvtId><Othr><Id>DE36ZZZ00001457522</Id><SchmeNm><Prtry>SEPA</Prtry></SchmeNm></Othr></PrvtId></Id></CdtrSchmeId></DrctDbtTx><DbtrAgt><FinInstnId><BIC>BYLADEM1COB</BIC></FinInstnId></DbtrAgt><Dbtr><Nm>Frank Wittmann</Nm></Dbtr><DbtrAcct><Id><IBAN>DE17783500000040480287</IBAN></Id></DbtrAcct><RmtInf><Ustrd>Rechnung RE5349 Kunde K24544</Ustrd></RmtInf></DrctDbtTxInf><DrctDbtTxInf><PmtId><EndToEndId>FAKX9VDGGMNS1YQ9OVNSJRPTTLMIFJSY</EndToEndId></PmtId><InstdAmt Ccy="EUR">16.12</InstdAmt><DrctDbtTx><MndtRltdInf><MndtId>K21870001</MndtId><DtOfSgntr>2021-05-21</DtOfSgntr><AmdmntInd>false</AmdmntInd></MndtRltdInf><CdtrSchmeId><Id><PrvtId><Othr><Id>DE36ZZZ00001457522</Id><SchmeNm><Prtry>SEPA</Prtry></SchmeNm></Othr></PrvtId></Id></CdtrSchmeId></DrctDbtTx><DbtrAgt><FinInstnId><BIC>BYLADEM1001</BIC></FinInstnId></DbtrAgt><Dbtr><Nm>Silvio Maushake</Nm></Dbtr><DbtrAcct><Id><IBAN>DE13120300001006296329</IBAN></Id></DbtrAcct><RmtInf><Ustrd>Rechnung RE5354 Kunde K21870</Ustrd></RmtInf></DrctDbtTxInf><DrctDbtTxInf><PmtId><EndToEndId>FAKLRWFONPXCMZLCBHCKWZZ420GP85DB</EndToEndId></PmtId><InstdAmt Ccy="EUR">2.52</InstdAmt><DrctDbtTx><MndtRltdInf><MndtId>K24620001</MndtId><DtOfSgntr>2021-07-09</DtOfSgntr><AmdmntInd>false</AmdmntInd></MndtRltdInf><CdtrSchmeId><Id><PrvtId><Othr><Id>DE36ZZZ00001457522</Id><SchmeNm><Prtry>SEPA</Prtry></SchmeNm></Othr></PrvtId></Id></CdtrSchmeId></DrctDbtTx><DbtrAgt><FinInstnId><BIC>BYLADEM1KSW</BIC></FinInstnId></DbtrAgt><Dbtr><Nm>Mathias Kurrmann</Nm></Dbtr><DbtrAcct><Id><IBAN>DE18793501010000639880</IBAN></Id></DbtrAcct><RmtInf><Ustrd>Rechnung RE5355 Kunde K24620</Ustrd></RmtInf></DrctDbtTxInf><DrctDbtTxInf><PmtId><EndToEndId>FAKDQBXXVUBPNMCNYYKUWJUJRC8PPTZH</EndToEndId></PmtId><InstdAmt Ccy="EUR">97.84</InstdAmt><DrctDbtTx><MndtRltdInf><MndtId>K24622001</MndtId><DtOfSgntr>2021-07-21</DtOfSgntr><AmdmntInd>false</AmdmntInd></MndtRltdInf><CdtrSchmeId><Id><PrvtId><Othr><Id>DE36ZZZ00001457522</Id><SchmeNm><Prtry>SEPA</Prtry></SchmeNm></Othr></PrvtId></Id></CdtrSchmeId></DrctDbtTx><DbtrAgt><FinInstnId><BIC>GENODEF1MLV</BIC></FinInstnId></DbtrAgt><Dbtr><Nm>Theo und Inge Heimgärtner</Nm></Dbtr><DbtrAcct><Id><IBAN>DE49790691650004145399</IBAN></Id></DbtrAcct><RmtInf><Ustrd>Rechnung RE5356 Kunde K24622</Ustrd></RmtInf></DrctDbtTxInf><DrctDbtTxInf><PmtId><EndToEndId>FAKLEKNVXE3RK0V0ZNNOTBRQ4MWFZQWZ</EndToEndId></PmtId><InstdAmt Ccy="EUR">86.77</InstdAmt><DrctDbtTx><MndtRltdInf><MndtId>K24623001</MndtId><DtOfSgntr>2021-06-27</DtOfSgntr><AmdmntInd>false</AmdmntInd></MndtRltdInf><CdtrSchmeId><Id><PrvtId><Othr><Id>DE36ZZZ00001457522</Id><SchmeNm><Prtry>SEPA</Prtry></SchmeNm></Othr></PrvtId></Id></CdtrSchmeId></DrctDbtTx><DbtrAgt><FinInstnId><BIC>GENODEF1FOH</BIC></FinInstnId></DbtrAgt><Dbtr><Nm>Tanja Müller</Nm></Dbtr><DbtrAcct><Id><IBAN>DE76763910000001412469</IBAN></Id></DbtrAcct><RmtInf><Ustrd>Rechnung RE5357 Kunde K24623</Ustrd></RmtInf></DrctDbtTxInf><DrctDbtTxInf><PmtId><EndToEndId>FAKH03GTB7BSALAX85CM6H7WEH7BBIZZ</EndToEndId></PmtId><InstdAmt Ccy="EUR">12.74</InstdAmt><DrctDbtTx><MndtRltdInf><MndtId>K24626001</MndtId><DtOfSgntr>2021-06-29</DtOfSgntr><AmdmntInd>false</AmdmntInd></MndtRltdInf><CdtrSchmeId><Id><PrvtId><Othr><Id>DE36ZZZ00001457522</Id><SchmeNm><Prtry>SEPA</Prtry></SchmeNm></Othr></PrvtId></Id></CdtrSchmeId></DrctDbtTx><DbtrAgt><FinInstnId><BIC>SSKNDE77XXX</BIC></FinInstnId></DbtrAgt><Dbtr><Nm>Michael Schreyer</Nm></Dbtr><DbtrAcct><Id><IBAN>DE06760501010011559416</IBAN></Id></DbtrAcct><RmtInf><Ustrd>Rechnung RE5358 Kunde K24626</Ustrd></RmtInf></DrctDbtTxInf><DrctDbtTxInf><PmtId><EndToEndId>FAKO2IBULSQVHDIHS1YH57E4V6LP8LKA</EndToEndId></PmtId><InstdAmt Ccy="EUR">14.13</InstdAmt><DrctDbtTx><MndtRltdInf><MndtId>K24627001</MndtId><DtOfSgntr>2021-07-20</DtOfSgntr><AmdmntInd>false</AmdmntInd></MndtRltdInf><CdtrSchmeId><Id><PrvtId><Othr><Id>DE36ZZZ00001457522</Id><SchmeNm><Prtry>SEPA</Prtry></SchmeNm></Othr></PrvtId></Id></CdtrSchmeId></DrctDbtTx><DbtrAgt><FinInstnId><BIC>MLPBDE61XXX</BIC></FinInstnId></DbtrAgt><Dbtr><Nm>Axel Stenzenberger</Nm></Dbtr><DbtrAcct><Id><IBAN>DE02672300004014089591</IBAN></Id></DbtrAcct><RmtInf><Ustrd>Rechnung RE5359 Kunde K24627</Ustrd></RmtInf></DrctDbtTxInf><DrctDbtTxInf><PmtId><EndToEndId>FAKRXEMIURUJC1B42LMSY2S4V5LDMKGN</EndToEndId></PmtId><InstdAmt Ccy="EUR">22.66</InstdAmt><DrctDbtTx><MndtRltdInf><MndtId>K15806001</MndtId><DtOfSgntr>2021-07-19</DtOfSgntr><AmdmntInd>false</AmdmntInd></MndtRltdInf><CdtrSchmeId><Id><PrvtId><Othr><Id>DE36ZZZ00001457522</Id><SchmeNm><Prtry>SEPA</Prtry></SchmeNm></Othr></PrvtId></Id></CdtrSchmeId></DrctDbtTx><DbtrAgt><FinInstnId><BIC>BYLADEM1KSW</BIC></FinInstnId></DbtrAgt><Dbtr><Nm>Peter Hellmuth</Nm></Dbtr><DbtrAcct><Id><IBAN>DE27793501010021348636</IBAN></Id></DbtrAcct><RmtInf><Ustrd>Rechnung RE5360 Kunde K15806</Ustrd></RmtInf></DrctDbtTxInf></PmtInf></CstmrDrctDbtInitn></Document>