<?xml version="1.0" encoding="UTF-8" standalone="yes"?><Document xmlns="urn:iso:std:iso:20022:tech:xsd:pain.008.001.02" xmlns:xsi="http://www.w3.org/2001/XMLSchema-instance" xsi:schemaLocation="urn:iso:std:iso:20022:tech:xsd:pain.008.001.02 pain.008.001.02.xsd"><CstmrDrctDbtInitn><GrpHdr><MsgId>FSLGU8CSXPLFATBWQ9O1GPINOKJREYHC3VM</MsgId><CreDtTm>2022-07-01T15:26:36</CreDtTm><NbOfTxs>34</NbOfTxs><CtrlSum>1366.10</CtrlSum><InitgPty><Nm>Korbacher Energiezentrum</Nm></InitgPty></GrpHdr><PmtInf><PmtInfId>FSLGU8CSXPLFATBWQ9O1GPINOKJREYHC3VM</PmtInfId><PmtMtd>DD</PmtMtd><NbOfTxs>34</NbOfTxs><CtrlSum>1366.10</CtrlSum><PmtTpInf><SvcLvl><Cd>SEPA</Cd></SvcLvl><LclInstrm><Cd>CORE</Cd></LclInstrm><SeqTp>RCUR</SeqTp></PmtTpInf><ReqdColltnDt>2022-07-06</ReqdColltnDt><Cdtr><Nm>Korbacher Energiezentrum</Nm></Cdtr><CdtrAcct><Id><IBAN>DE84460628175191056500</IBAN></Id></CdtrAcct><CdtrAgt><FinInstnId><BIC>GENODEM1SMA</BIC></FinInstnId></CdtrAgt><ChrgBr>SLEV</ChrgBr><DrctDbtTxInf><PmtId><EndToEndId>FAKG39RLYH224RQCR6JYR9QZNPM3WO7M</EndToEndId></PmtId><InstdAmt Ccy="EUR">8.05</InstdAmt><DrctDbtTx><MndtRltdInf><MndtId>K22076001</MndtId><DtOfSgntr>2021-05-28</DtOfSgntr><AmdmntInd>false</AmdmntInd></MndtRltdInf><CdtrSchmeId><Id><PrvtId><Othr><Id>DE36ZZZ00001457522</Id><SchmeNm><Prtry>SEPA</Prtry></SchmeNm></Othr></PrvtId></Id></CdtrSchmeId></DrctDbtTx><DbtrAgt><FinInstnId><BIC>BYLADEM1KSW</BIC></FinInstnId></DbtrAgt><Dbtr><Nm>Stefan Memmel </Nm></Dbtr><DbtrAcct><Id><IBAN>DE15793501010000554477</IBAN></Id></DbtrAcct><RmtInf><Ustrd>Rechnung RE5209 Kunde K22076</Ustrd></RmtInf></DrctDbtTxInf><DrctDbtTxInf><PmtId><EndToEndId>FAKUJG23FKDUV8PTGPGBVZCXDB58Q0Q4</EndToEndId></PmtId><InstdAmt Ccy="EUR">37.72</InstdAmt><DrctDbtTx><MndtRltdInf><MndtId>K22502001</MndtId><DtOfSgntr>2021-06-04</DtOfSgntr><AmdmntInd>false</AmdmntInd></MndtRltdInf><CdtrSchmeId><Id><PrvtId><Othr><Id>DE36ZZZ00001457522</Id><SchmeNm><Prtry>SEPA</Prtry></SchmeNm></Othr></PrvtId></Id></CdtrSchmeId></DrctDbtTx><DbtrAgt><FinInstnId><BIC>COBADEHDXXX</BIC></FinInstnId></DbtrAgt><Dbtr><Nm>Tino Dinter</Nm></Dbtr><DbtrAcct><Id><IBAN>DE63200411110682565700</IBAN></Id></DbtrAcct><RmtInf><Ustrd>Rechnung RE5210 Kunde K22502</Ustrd></RmtInf></DrctDbtTxInf><DrctDbtTxInf><PmtId><EndToEndId>FAKCZRIWWV4RK6AADDOTPMNDBALTKJ7G</EndToEndId></PmtId><InstdAmt Ccy="EUR">15.25</InstdAmt><DrctDbtTx><MndtRltdInf><MndtId>K18464001</MndtId><DtOfSgntr>2021-02-16</DtOfSgntr><AmdmntInd>false</AmdmntInd></MndtRltdInf><CdtrSchmeId><Id><PrvtId><Othr><Id>DE36ZZZ00001457522</Id><SchmeNm><Prtry>SEPA</Prtry></SchmeNm></Othr></PrvtId></Id></CdtrSchmeId></DrctDbtTx><DbtrAgt><FinInstnId><BIC>HYVEDEMM463</BIC></FinInstnId></DbtrAgt><Dbtr><Nm>Stephan Gniewitz</Nm></Dbtr><DbtrAcct><Id><IBAN>DE40830200875090237200</IBAN></Id></DbtrAcct><RmtInf><Ustrd>Rechnung RE5211 Kunde K18464</Ustrd></RmtInf></DrctDbtTxInf><DrctDbtTxInf><PmtId><EndToEndId>FAKWEVVAM8IVFMOIB1EWR8XN7D7ETPS6</EndToEndId></PmtId><InstdAmt Ccy="EUR">8.86</InstdAmt><DrctDbtTx><MndtRltdInf><MndtId>K20543001</MndtId><DtOfSgntr>2021-04-12</DtOfSgntr><AmdmntInd>false</AmdmntInd></MndtRltdInf><CdtrSchmeId><Id><PrvtId><Othr><Id>DE36ZZZ00001457522</Id><SchmeNm><Prtry>SEPA</Prtry></SchmeNm></Othr></PrvtId></Id></CdtrSchmeId></DrctDbtTx><DbtrAgt><FinInstnId><BIC>GENODEF1RAW</BIC></FinInstnId></DbtrAgt><Dbtr><Nm>Chris Hintze</Nm></Dbtr><DbtrAcct><Id><IBAN>DE74532613420001266039</IBAN></Id></DbtrAcct><RmtInf><Ustrd>Rechnung RE5212 Kunde K20543</Ustrd></RmtInf></DrctDbtTxInf><DrctDbtTxInf><PmtId><EndToEndId>FAKQTFTLSTCYRJ5V0JWO3PTUL3YXAHOG</EndToEndId></PmtId><InstdAmt Ccy="EUR">16.41</InstdAmt><DrctDbtTx><MndtRltdInf><MndtId>K21578001</MndtId><DtOfSgntr>2021-05-14</DtOfSgntr><AmdmntInd>false</AmdmntInd></MndtRltdInf><CdtrSchmeId><Id><PrvtId><Othr><Id>DE36ZZZ00001457522</Id><SchmeNm><Prtry>SEPA</Prtry></SchmeNm></Othr></PrvtId></Id></CdtrSchmeId></DrctDbtTx><DbtrAgt><FinInstnId><BIC>BYLADEM1NES</BIC></FinInstnId></DbtrAgt><Dbtr><Nm>Frank Schubert</Nm></Dbtr><DbtrAcct><Id><IBAN>DE97793530900000688325</IBAN></Id></DbtrAcct><RmtInf><Ustrd>Rechnung RE5214 Kunde K21578</Ustrd></RmtInf></DrctDbtTxInf><DrctDbtTxInf><PmtId><EndToEndId>FAKXC7KR2NEDDBXYKUFAMRZU1VAYAB7H</EndToEndId></PmtId><InstdAmt Ccy="EUR">21.5</InstdAmt><DrctDbtTx><MndtRltdInf><MndtId>K22107001</MndtId><DtOfSgntr>2021-05-27</DtOfSgntr><AmdmntInd>false</AmdmntInd></MndtRltdInf><CdtrSchmeId><Id><PrvtId><Othr><Id>DE36ZZZ00001457522</Id><SchmeNm><Prtry>SEPA</Prtry></SchmeNm></Othr></PrvtId></Id></CdtrSchmeId></DrctDbtTx><DbtrAgt><FinInstnId><BIC>SOBKDEBBXXX</BIC></FinInstnId></DbtrAgt><Dbtr><Nm>Christoph Gudella</Nm></Dbtr><DbtrAcct><Id><IBAN>DE65110101002630909711</IBAN></Id></DbtrAcct><RmtInf><Ustrd>Rechnung RE5215 Kunde K22107</Ustrd></RmtInf></DrctDbtTxInf><DrctDbtTxInf><PmtId><EndToEndId>FAK4CURVABSGHGP66NOBHMCCWVVWZOK2</EndToEndId></PmtId><InstdAmt Ccy="EUR">16.74</InstdAmt><DrctDbtTx><MndtRltdInf><MndtId>K22592001</MndtId><DtOfSgntr>2021-06-10</DtOfSgntr><AmdmntInd>false</AmdmntInd></MndtRltdInf><CdtrSchmeId><Id><PrvtId><Othr><Id>DE36ZZZ00001457522</Id><SchmeNm><Prtry>SEPA</Prtry></SchmeNm></Othr></PrvtId></Id></CdtrSchmeId></DrctDbtTx><DbtrAgt><FinInstnId><BIC>INGDDEFFXXX</BIC></FinInstnId></DbtrAgt><Dbtr><Nm>Andreas Heinelt</Nm></Dbtr><DbtrAcct><Id><IBAN>DE43500105175400978045</IBAN></Id></DbtrAcct><RmtInf><Ustrd>Rechnung RE5216 Kunde K22592</Ustrd></RmtInf></DrctDbtTxInf><DrctDbtTxInf><PmtId><EndToEndId>FAK0TTZDVVAZZTLJZTAKMCUWQDVVGZCS</EndToEndId></PmtId><InstdAmt Ccy="EUR">21.95</InstdAmt><DrctDbtTx><MndtRltdInf><MndtId>K23461001</MndtId><DtOfSgntr>2021-03-17</DtOfSgntr><AmdmntInd>false</AmdmntInd></MndtRltdInf><CdtrSchmeId><Id><PrvtId><Othr><Id>DE36ZZZ00001457522</Id><SchmeNm><Prtry>SEPA</Prtry></SchmeNm></Othr></PrvtId></Id></CdtrSchmeId></DrctDbtTx><DbtrAgt><FinInstnId><BIC>BYLADEM1NES</BIC></FinInstnId></DbtrAgt><Dbtr><Nm>Karola Stürzel</Nm></Dbtr><DbtrAcct><Id><IBAN>DE10793530900000300921</IBAN></Id></DbtrAcct><RmtInf><Ustrd>Rechnung RE5217 Kunde K23461</Ustrd></RmtInf></DrctDbtTxInf><DrctDbtTxInf><PmtId><EndToEndId>FAKFYLP1KDLWTQ5UKQ9PCJDCMO4EDHEK</EndToEndId></PmtId><InstdAmt Ccy="EUR">2.84</InstdAmt><DrctDbtTx><MndtRltdInf><MndtId>K18289001</MndtId><DtOfSgntr>2021-01-11</DtOfSgntr><AmdmntInd>false</AmdmntInd></MndtRltdInf><CdtrSchmeId><Id><PrvtId><Othr><Id>DE36ZZZ00001457522</Id><SchmeNm><Prtry>SEPA</Prtry></SchmeNm></Othr></PrvtId></Id></CdtrSchmeId></DrctDbtTx><DbtrAgt><FinInstnId><BIC>GENODEF1HMF</BIC></FinInstnId></DbtrAgt><Dbtr><Nm>Kathrin Fuchs</Nm></Dbtr><DbtrAcct><Id><IBAN>DE51830644880001108492</IBAN></Id></DbtrAcct><RmtInf><Ustrd>Rechnung RE5218 Kunde K18289</Ustrd></RmtInf></DrctDbtTxInf><DrctDbtTxInf><PmtId><EndToEndId>FAKJJR80VMNZEZFXDHWYFYLVLRVPTCOQ</EndToEndId></PmtId><InstdAmt Ccy="EUR">16.37</InstdAmt><DrctDbtTx><MndtRltdInf><MndtId>K18606001</MndtId><DtOfSgntr>2021-02-18</DtOfSgntr><AmdmntInd>false</AmdmntInd></MndtRltdInf><CdtrSchmeId><Id><PrvtId><Othr><Id>DE36ZZZ00001457522</Id><SchmeNm><Prtry>SEPA</Prtry></SchmeNm></Othr></PrvtId></Id></CdtrSchmeId></DrctDbtTx><DbtrAgt><FinInstnId><BIC>HELADEF1822</BIC></FinInstnId></DbtrAgt><Dbtr><Nm>Steffen Kallenbach</Nm></Dbtr><DbtrAcct><Id><IBAN>DE79500502011240220446</IBAN></Id></DbtrAcct><RmtInf><Ustrd>Rechnung RE5219 Kunde K18606</Ustrd></RmtInf></DrctDbtTxInf><DrctDbtTxInf><PmtId><EndToEndId>FAK1DTRIIXE8ECLHWVOW8NL25JUJ8ISA</EndToEndId></PmtId><InstdAmt Ccy="EUR">19.99</InstdAmt><DrctDbtTx><MndtRltdInf><MndtId>K18929001</MndtId><DtOfSgntr>2021-04-30</DtOfSgntr><AmdmntInd>false</AmdmntInd></MndtRltdInf><CdtrSchmeId><Id><PrvtId><Othr><Id>DE36ZZZ00001457522</Id><SchmeNm><Prtry>SEPA</Prtry></SchmeNm></Othr></PrvtId></Id></CdtrSchmeId></DrctDbtTx><DbtrAgt><FinInstnId><BIC>PBNKDEFFXXX</BIC></FinInstnId></DbtrAgt><Dbtr><Nm>Bernhard Steffens</Nm></Dbtr><DbtrAcct><Id><IBAN>DE31500100600385038601</IBAN></Id></DbtrAcct><RmtInf><Ustrd>Rechnung RE5220 Kunde K18929</Ustrd></RmtInf></DrctDbtTxInf><DrctDbtTxInf><PmtId><EndToEndId>FAKX6CQI1ILP5VX5UTEYANHIV4WKWMNY</EndToEndId></PmtId><InstdAmt Ccy="EUR">0.39</InstdAmt><DrctDbtTx><MndtRltdInf><MndtId>K20281001</MndtId><DtOfSgntr>2021-04-03</DtOfSgntr><AmdmntInd>false</AmdmntInd></MndtRltdInf><CdtrSchmeId><Id><PrvtId><Othr><Id>DE36ZZZ00001457522</Id><SchmeNm><Prtry>SEPA</Prtry></SchmeNm></Othr></PrvtId></Id></CdtrSchmeId></DrctDbtTx><DbtrAgt><FinInstnId><BIC>OLBODEH2XXX</BIC></FinInstnId></DbtrAgt><Dbtr><Nm>Ingo Leukart</Nm></Dbtr><DbtrAcct><Id><IBAN>DE25280200508537218300</IBAN></Id></DbtrAcct><RmtInf><Ustrd>Rechnung RE5221 Kunde K20281</Ustrd></RmtInf></DrctDbtTxInf><DrctDbtTxInf><PmtId><EndToEndId>FAKSVLHH7NB8JFFA5PZOIXKSYI96M66C</EndToEndId></PmtId><InstdAmt Ccy="EUR">59.79</InstdAmt><DrctDbtTx><MndtRltdInf><MndtId>K21996001</MndtId><DtOfSgntr>2021-05-28</DtOfSgntr><AmdmntInd>false</AmdmntInd></MndtRltdInf><CdtrSchmeId><Id><PrvtId><Othr><Id>DE36ZZZ00001457522</Id><SchmeNm><Prtry>SEPA</Prtry></SchmeNm></Othr></PrvtId></Id></CdtrSchmeId></DrctDbtTx><DbtrAgt><FinInstnId><BIC>GENODE61AZY</BIC></FinInstnId></DbtrAgt><Dbtr><Nm>Torsten Sommer</Nm></Dbtr><DbtrAcct><Id><IBAN>DE03550912000002434008</IBAN></Id></DbtrAcct><RmtInf><Ustrd>Rechnung RE5225 Kunde K21996</Ustrd></RmtInf></DrctDbtTxInf><DrctDbtTxInf><PmtId><EndToEndId>FAKVRBUHH3M86T9DS0WGFW9RVF8OFZGB</EndToEndId></PmtId><InstdAmt Ccy="EUR">18.23</InstdAmt><DrctDbtTx><MndtRltdInf><MndtId>K22289001</MndtId><DtOfSgntr>2021-06-05</DtOfSgntr><AmdmntInd>false</AmdmntInd></MndtRltdInf><CdtrSchmeId><Id><PrvtId><Othr><Id>DE36ZZZ00001457522</Id><SchmeNm><Prtry>SEPA</Prtry></SchmeNm></Othr></PrvtId></Id></CdtrSchmeId></DrctDbtTx><DbtrAgt><FinInstnId><BIC>GENODEF1GEM</BIC></FinInstnId></DbtrAgt><Dbtr><Nm>Martin Gerhard</Nm></Dbtr><DbtrAcct><Id><IBAN>DE57790691500005710600</IBAN></Id></DbtrAcct><RmtInf><Ustrd>Rechnung RE5226 Kunde K22289</Ustrd></RmtInf></DrctDbtTxInf><DrctDbtTxInf><PmtId><EndToEndId>FAKOWIEQARV73QOIQKETN04DVOKNEJC4</EndToEndId></PmtId><InstdAmt Ccy="EUR">53.83</InstdAmt><DrctDbtTx><MndtRltdInf><MndtId>K22670001</MndtId><DtOfSgntr>2021-01-23</DtOfSgntr><AmdmntInd>false</AmdmntInd></MndtRltdInf><CdtrSchmeId><Id><PrvtId><Othr><Id>DE36ZZZ00001457522</Id><SchmeNm><Prtry>SEPA</Prtry></SchmeNm></Othr></PrvtId></Id></CdtrSchmeId></DrctDbtTx><DbtrAgt><FinInstnId><BIC>GENODEF1LIF</BIC></FinInstnId></DbtrAgt><Dbtr><Nm>Alexander Dötsch</Nm></Dbtr><DbtrAcct><Id><IBAN>DE65770918000001715950</IBAN></Id></DbtrAcct><RmtInf><Ustrd>Rechnung RE5227 Kunde K22670</Ustrd></RmtInf></DrctDbtTxInf><DrctDbtTxInf><PmtId><EndToEndId>FAKUIQYBHC0RVVCQOHF7TM3QLJF0WAUD</EndToEndId></PmtId><InstdAmt Ccy="EUR">38.13</InstdAmt><DrctDbtTx><MndtRltdInf><MndtId>K22956001</MndtId><DtOfSgntr>2021-06-21</DtOfSgntr><AmdmntInd>false</AmdmntInd></MndtRltdInf><CdtrSchmeId><Id><PrvtId><Othr><Id>DE36ZZZ00001457522</Id><SchmeNm><Prtry>SEPA</Prtry></SchmeNm></Othr></PrvtId></Id></CdtrSchmeId></DrctDbtTx><DbtrAgt><FinInstnId><BIC>INGDDEFFXXX</BIC></FinInstnId></DbtrAgt><Dbtr><Nm>Anna Wagenbrenner</Nm></Dbtr><DbtrAcct><Id><IBAN>DE57500105175422936265</IBAN></Id></DbtrAcct><RmtInf><Ustrd>Rechnung RE5228 Kunde K22956</Ustrd></RmtInf></DrctDbtTxInf><DrctDbtTxInf><PmtId><EndToEndId>FAKX7U6WNJN1KUOZG4MTG4OQ8SHE3W1Z</EndToEndId></PmtId><InstdAmt Ccy="EUR">76.45</InstdAmt><DrctDbtTx><MndtRltdInf><MndtId>K23468001</MndtId><DtOfSgntr>2021-07-28</DtOfSgntr><AmdmntInd>false</AmdmntInd></MndtRltdInf><CdtrSchmeId><Id><PrvtId><Othr><Id>DE36ZZZ00001457522</Id><SchmeNm><Prtry>SEPA</Prtry></SchmeNm></Othr></PrvtId></Id></CdtrSchmeId></DrctDbtTx><DbtrAgt><FinInstnId><BIC>BYLADEM1KSW</BIC></FinInstnId></DbtrAgt><Dbtr><Nm>Otto Weger</Nm></Dbtr><DbtrAcct><Id><IBAN>DE62793501010021864046</IBAN></Id></DbtrAcct><RmtInf><Ustrd>Rechnung RE5229 Kunde K23468</Ustrd></RmtInf></DrctDbtTxInf><DrctDbtTxInf><PmtId><EndToEndId>FAKO2BVUCTPC5UTOEL4WXUGMKDSSYAAE</EndToEndId></PmtId><InstdAmt Ccy="EUR">47.28</InstdAmt><DrctDbtTx><MndtRltdInf><MndtId>K23524001</MndtId><DtOfSgntr>2021-07-13</DtOfSgntr><AmdmntInd>false</AmdmntInd></MndtRltdInf><CdtrSchmeId><Id><PrvtId><Othr><Id>DE36ZZZ00001457522</Id><SchmeNm><Prtry>SEPA</Prtry></SchmeNm></Othr></PrvtId></Id></CdtrSchmeId></DrctDbtTx><DbtrAgt><FinInstnId><BIC>BYLADEM1NES</BIC></FinInstnId></DbtrAgt><Dbtr><Nm>Claudia Hoch</Nm></Dbtr><DbtrAcct><Id><IBAN>DE69793530900000405977</IBAN></Id></DbtrAcct><RmtInf><Ustrd>Rechnung RE5230 Kunde K23524</Ustrd></RmtInf></DrctDbtTxInf><DrctDbtTxInf><PmtId><EndToEndId>FAKSAYPUC80YSMY7NTYAYTDKYC4R4NLV</EndToEndId></PmtId><InstdAmt Ccy="EUR">32.42</InstdAmt><DrctDbtTx><MndtRltdInf><MndtId>K20190001</MndtId><DtOfSgntr>2021-03-24</DtOfSgntr><AmdmntInd>false</AmdmntInd></MndtRltdInf><CdtrSchmeId><Id><PrvtId><Othr><Id>DE36ZZZ00001457522</Id><SchmeNm><Prtry>SEPA</Prtry></SchmeNm></Othr></PrvtId></Id></CdtrSchmeId></DrctDbtTx><DbtrAgt><FinInstnId><BIC>BYLADEM1001</BIC></FinInstnId></DbtrAgt><Dbtr><Nm>Andre Gentsch</Nm></Dbtr><DbtrAcct><Id><IBAN>DE52120300001054015456</IBAN></Id></DbtrAcct><RmtInf><Ustrd>Rechnung RE5232 Kunde K20190</Ustrd></RmtInf></DrctDbtTxInf><DrctDbtTxInf><PmtId><EndToEndId>FAKOSVGHHL8W50MXEAF3G3IIWKFEZVBQ</EndToEndId></PmtId><InstdAmt Ccy="EUR">115.66</InstdAmt><DrctDbtTx><MndtRltdInf><MndtId>K20638001</MndtId><DtOfSgntr>2021-04-14</DtOfSgntr><AmdmntInd>false</AmdmntInd></MndtRltdInf><CdtrSchmeId><Id><PrvtId><Othr><Id>DE36ZZZ00001457522</Id><SchmeNm><Prtry>SEPA</Prtry></SchmeNm></Othr></PrvtId></Id></CdtrSchmeId></DrctDbtTx><DbtrAgt><FinInstnId><BIC>CMCIDEDDXXX</BIC></FinInstnId></DbtrAgt><Dbtr><Nm>Achim Schmidt</Nm></Dbtr><DbtrAcct><Id><IBAN>DE81300209001702680648</IBAN></Id></DbtrAcct><RmtInf><Ustrd>Rechnung RE5233 Kunde K20638</Ustrd></RmtInf></DrctDbtTxInf><DrctDbtTxInf><PmtId><EndToEndId>FAKWVMEHAZLR8FBRQFCRQ3RA1IUYRCQR</EndToEndId></PmtId><InstdAmt Ccy="EUR">44.12</InstdAmt><DrctDbtTx><MndtRltdInf><MndtId>K21734001</MndtId><DtOfSgntr>2021-05-17</DtOfSgntr><AmdmntInd>false</AmdmntInd></MndtRltdInf><CdtrSchmeId><Id><PrvtId><Othr><Id>DE36ZZZ00001457522</Id><SchmeNm><Prtry>SEPA</Prtry></SchmeNm></Othr></PrvtId></Id></CdtrSchmeId></DrctDbtTx><DbtrAgt><FinInstnId><BIC>HELADEF1RRS</BIC></FinInstnId></DbtrAgt><Dbtr><Nm>Martin Bankrath</Nm></Dbtr><DbtrAcct><Id><IBAN>DE48840500001706453716</IBAN></Id></DbtrAcct><RmtInf><Ustrd>Rechnung RE5234 Kunde K21734</Ustrd></RmtInf></DrctDbtTxInf><DrctDbtTxInf><PmtId><EndToEndId>FAKICY4M5C8IDXAVA9RPDXNMRBEULJCE</EndToEndId></PmtId><InstdAmt Ccy="EUR">29.84</InstdAmt><DrctDbtTx><MndtRltdInf><MndtId>K22287001</MndtId><DtOfSgntr>2021-06-04</DtOfSgntr><AmdmntInd>false</AmdmntInd></MndtRltdInf><CdtrSchmeId><Id><PrvtId><Othr><Id>DE36ZZZ00001457522</Id><SchmeNm><Prtry>SEPA</Prtry></SchmeNm></Othr></PrvtId></Id></CdtrSchmeId></DrctDbtTx><DbtrAgt><FinInstnId><BIC>COBADEHD001</BIC></FinInstnId></DbtrAgt><Dbtr><Nm>Rolf Errenst</Nm></Dbtr><DbtrAcct><Id><IBAN>DE04200411330823819800</IBAN></Id></DbtrAcct><RmtInf><Ustrd>Rechnung RE5235 Kunde K22287</Ustrd></RmtInf></DrctDbtTxInf><DrctDbtTxInf><PmtId><EndToEndId>FAKGPHIZCZNKUMBKWFYKEX115AAAKBUO</EndToEndId></PmtId><InstdAmt Ccy="EUR">19.74</InstdAmt><DrctDbtTx><MndtRltdInf><MndtId>K22331001</MndtId><DtOfSgntr>2021-05-31</DtOfSgntr><AmdmntInd>false</AmdmntInd></MndtRltdInf><CdtrSchmeId><Id><PrvtId><Othr><Id>DE36ZZZ00001457522</Id><SchmeNm><Prtry>SEPA</Prtry></SchmeNm></Othr></PrvtId></Id></CdtrSchmeId></DrctDbtTx><DbtrAgt><FinInstnId><BIC>GENODEF1RNM</BIC></FinInstnId></DbtrAgt><Dbtr><Nm>Alexander Göschel</Nm></Dbtr><DbtrAcct><Id><IBAN>DE20790692130000341169</IBAN></Id></DbtrAcct><RmtInf><Ustrd>Rechnung RE5236 Kunde K22331</Ustrd></RmtInf></DrctDbtTxInf><DrctDbtTxInf><PmtId><EndToEndId>FAKWDDCVLZJBWHZXBA9SUK9JFZR1INPU</EndToEndId></PmtId><InstdAmt Ccy="EUR">99.7</InstdAmt><DrctDbtTx><MndtRltdInf><MndtId>K22333001</MndtId><DtOfSgntr>2021-06-08</DtOfSgntr><AmdmntInd>false</AmdmntInd></MndtRltdInf><CdtrSchmeId><Id><PrvtId><Othr><Id>DE36ZZZ00001457522</Id><SchmeNm><Prtry>SEPA</Prtry></SchmeNm></Othr></PrvtId></Id></CdtrSchmeId></DrctDbtTx><DbtrAgt><FinInstnId><BIC>INGDDEFFXXX</BIC></FinInstnId></DbtrAgt><Dbtr><Nm>Michael Werner</Nm></Dbtr><DbtrAcct><Id><IBAN>DE78500105175412829845</IBAN></Id></DbtrAcct><RmtInf><Ustrd>Rechnung RE5237 Kunde K22333</Ustrd></RmtInf></DrctDbtTxInf><DrctDbtTxInf><PmtId><EndToEndId>FAKSVSLBEVYIAKQRHWWAACRJNG0TZVAF</EndToEndId></PmtId><InstdAmt Ccy="EUR">0.07</InstdAmt><DrctDbtTx><MndtRltdInf><MndtId>K23548001</MndtId><DtOfSgntr>2021-07-01</DtOfSgntr><AmdmntInd>false</AmdmntInd></MndtRltdInf><CdtrSchmeId><Id><PrvtId><Othr><Id>DE36ZZZ00001457522</Id><SchmeNm><Prtry>SEPA</Prtry></SchmeNm></Othr></PrvtId></Id></CdtrSchmeId></DrctDbtTx><DbtrAgt><FinInstnId><BIC>GENODEF1BRK</BIC></FinInstnId></DbtrAgt><Dbtr><Nm>Frank Geier</Nm></Dbtr><DbtrAcct><Id><IBAN>DE75790650280005621739</IBAN></Id></DbtrAcct><RmtInf><Ustrd>Rechnung RE5238 Kunde K23548</Ustrd></RmtInf></DrctDbtTxInf><DrctDbtTxInf><PmtId><EndToEndId>FAKRWZLYRL4BQ7SB7GWTFFNCQFDPY3RL</EndToEndId></PmtId><InstdAmt Ccy="EUR">203.33</InstdAmt><DrctDbtTx><MndtRltdInf><MndtId>K23568001</MndtId><DtOfSgntr>2021-06-28</DtOfSgntr><AmdmntInd>false</AmdmntInd></MndtRltdInf><CdtrSchmeId><Id><PrvtId><Othr><Id>DE36ZZZ00001457522</Id><SchmeNm><Prtry>SEPA</Prtry></SchmeNm></Othr></PrvtId></Id></CdtrSchmeId></DrctDbtTx><DbtrAgt><FinInstnId><BIC>BYLADEM1KSW</BIC></FinInstnId></DbtrAgt><Dbtr><Nm>Jürgen Schott</Nm></Dbtr><DbtrAcct><Id><IBAN>DE90793501010570791780</IBAN></Id></DbtrAcct><RmtInf><Ustrd>Rechnung RE5239 Kunde K23568</Ustrd></RmtInf></DrctDbtTxInf><DrctDbtTxInf><PmtId><EndToEndId>FAKQRJYCP5J9B3CNBLNBAADSTKQYUCKW</EndToEndId></PmtId><InstdAmt Ccy="EUR">24.88</InstdAmt><DrctDbtTx><MndtRltdInf><MndtId>K23579001</MndtId><DtOfSgntr>2021-06-09</DtOfSgntr><AmdmntInd>false</AmdmntInd></MndtRltdInf><CdtrSchmeId><Id><PrvtId><Othr><Id>DE36ZZZ00001457522</Id><SchmeNm><Prtry>SEPA</Prtry></SchmeNm></Othr></PrvtId></Id></CdtrSchmeId></DrctDbtTx><DbtrAgt><FinInstnId><BIC>WELADED1OEH</BIC></FinInstnId></DbtrAgt><Dbtr><Nm>Detlef Korte</Nm></Dbtr><DbtrAcct><Id><IBAN>DE67490512850004814893</IBAN></Id></DbtrAcct><RmtInf><Ustrd>Rechnung RE5240 Kunde K23579</Ustrd></RmtInf></DrctDbtTxInf><DrctDbtTxInf><PmtId><EndToEndId>FAK54KH4P1MO6UHOIVPNBASF7XCCNSVD</EndToEndId></PmtId><InstdAmt Ccy="EUR">26.66</InstdAmt><DrctDbtTx><MndtRltdInf><MndtId>K20159001</MndtId><DtOfSgntr>2021-05-27</DtOfSgntr><AmdmntInd>false</AmdmntInd></MndtRltdInf><CdtrSchmeId><Id><PrvtId><Othr><Id>DE36ZZZ00001457522</Id><SchmeNm><Prtry>SEPA</Prtry></SchmeNm></Othr></PrvtId></Id></CdtrSchmeId></DrctDbtTx><DbtrAgt><FinInstnId><BIC>GENODE51BUT</BIC></FinInstnId></DbtrAgt><Dbtr><Nm>Heinrich Eschenbrenner</Nm></Dbtr><DbtrAcct><Id><IBAN>DE48518614030000008095</IBAN></Id></DbtrAcct><RmtInf><Ustrd>Rechnung RE5247 Kunde K20159</Ustrd></RmtInf></DrctDbtTxInf><DrctDbtTxInf><PmtId><EndToEndId>FAKKSE2VVPWLLBUYYQ2XLVFP2DLJQA31</EndToEndId></PmtId><InstdAmt Ccy="EUR">7.83</InstdAmt><DrctDbtTx><MndtRltdInf><MndtId>K21386001</MndtId><DtOfSgntr>2021-05-04</DtOfSgntr><AmdmntInd>false</AmdmntInd></MndtRltdInf><CdtrSchmeId><Id><PrvtId><Othr><Id>DE36ZZZ00001457522</Id><SchmeNm><Prtry>SEPA</Prtry></SchmeNm></Othr></PrvtId></Id></CdtrSchmeId></DrctDbtTx><DbtrAgt><FinInstnId><BIC>GENODEF1WU1</BIC></FinInstnId></DbtrAgt><Dbtr><Nm>Heinrich Korzynietz</Nm></Dbtr><DbtrAcct><Id><IBAN>DE36790900000005510627</IBAN></Id></DbtrAcct><RmtInf><Ustrd>Rechnung RE5253 Kunde K21386</Ustrd></RmtInf></DrctDbtTxInf><DrctDbtTxInf><PmtId><EndToEndId>FAKDHTU0MWCEGWM2VWJDUZEZN19R9GLS</EndToEndId></PmtId><InstdAmt Ccy="EUR">8.83</InstdAmt><DrctDbtTx><MndtRltdInf><MndtId>K21940001</MndtId><DtOfSgntr>2021-06-21</DtOfSgntr><AmdmntInd>false</AmdmntInd></MndtRltdInf><CdtrSchmeId><Id><PrvtId><Othr><Id>DE36ZZZ00001457522</Id><SchmeNm><Prtry>SEPA</Prtry></SchmeNm></Othr></PrvtId></Id></CdtrSchmeId></DrctDbtTx><DbtrAgt><FinInstnId><BIC>HELADEF1ESW</BIC></FinInstnId></DbtrAgt><Dbtr><Nm>GbR Pia Gerda Noffke, Günter Noffke</Nm></Dbtr><DbtrAcct><Id><IBAN>DE51522500300000636530</IBAN></Id></DbtrAcct><RmtInf><Ustrd>Rechnung RE5254 Kunde K21940</Ustrd></RmtInf></DrctDbtTxInf><DrctDbtTxInf><PmtId><EndToEndId>FAK0FCBEMKSCFP3WZGCXMI2QMGWLEOGD</EndToEndId></PmtId><InstdAmt Ccy="EUR">24.08</InstdAmt><DrctDbtTx><MndtRltdInf><MndtId>K23580001</MndtId><DtOfSgntr>2021-06-30</DtOfSgntr><AmdmntInd>false</AmdmntInd></MndtRltdInf><CdtrSchmeId><Id><PrvtId><Othr><Id>DE36ZZZ00001457522</Id><SchmeNm><Prtry>SEPA</Prtry></SchmeNm></Othr></PrvtId></Id></CdtrSchmeId></DrctDbtTx><DbtrAgt><FinInstnId><BIC>BYLADEM1NES</BIC></FinInstnId></DbtrAgt><Dbtr><Nm>Klaus Stapf</Nm></Dbtr><DbtrAcct><Id><IBAN>DE08793530900000616110</IBAN></Id></DbtrAcct><RmtInf><Ustrd>Rechnung RE5255 Kunde K23580</Ustrd></RmtInf></DrctDbtTxInf><DrctDbtTxInf><PmtId><EndToEndId>FAKKCP6Y6Q5MJMGYHOMV83JHE5TR9KJF</EndToEndId></PmtId><InstdAmt Ccy="EUR">239.34</InstdAmt><DrctDbtTx><MndtRltdInf><MndtId>K23715001</MndtId><DtOfSgntr>2020-11-06</DtOfSgntr><AmdmntInd>false</AmdmntInd></MndtRltdInf><CdtrSchmeId><Id><PrvtId><Othr><Id>DE36ZZZ00001457522</Id><SchmeNm><Prtry>SEPA</Prtry></SchmeNm></Othr></PrvtId></Id></CdtrSchmeId></DrctDbtTx><DbtrAgt><FinInstnId><BIC>COBADEFFXXX</BIC></FinInstnId></DbtrAgt><Dbtr><Nm>Martina Siegler</Nm></Dbtr><DbtrAcct><Id><IBAN>DE24820400000132132200</IBAN></Id></DbtrAcct><RmtInf><Ustrd>Rechnung RE5256 Kunde K23715</Ustrd></RmtInf></DrctDbtTxInf><DrctDbtTxInf><PmtId><EndToEndId>FAKVLPWPG7VALYENQTTUYQLVWSCSBIO6</EndToEndId></PmtId><InstdAmt Ccy="EUR">6.56</InstdAmt><DrctDbtTx><MndtRltdInf><MndtId>K22004001</MndtId><DtOfSgntr>2021-03-16</DtOfSgntr><AmdmntInd>false</AmdmntInd></MndtRltdInf><CdtrSchmeId><Id><PrvtId><Othr><Id>DE36ZZZ00001457522</Id><SchmeNm><Prtry>SEPA</Prtry></SchmeNm></Othr></PrvtId></Id></CdtrSchmeId></DrctDbtTx><DbtrAgt><FinInstnId><BIC>BYLADEM1001</BIC></FinInstnId></DbtrAgt><Dbtr><Nm>Volker Schurg</Nm></Dbtr><DbtrAcct><Id><IBAN>DE38120300001001551124</IBAN></Id></DbtrAcct><RmtInf><Ustrd>Rechnung RE5266 Kunde K22004</Ustrd></RmtInf></DrctDbtTxInf><DrctDbtTxInf><PmtId><EndToEndId>FAKCYMKOFIDTVEY0UQ3HMRALWW4WZGBI</EndToEndId></PmtId><InstdAmt Ccy="EUR">3.26</InstdAmt><DrctDbtTx><MndtRltdInf><MndtId>K22704001</MndtId><DtOfSgntr>2021-05-30</DtOfSgntr><AmdmntInd>false</AmdmntInd></MndtRltdInf><CdtrSchmeId><Id><PrvtId><Othr><Id>DE36ZZZ00001457522</Id><SchmeNm><Prtry>SEPA</Prtry></SchmeNm></Othr></PrvtId></Id></CdtrSchmeId></DrctDbtTx><DbtrAgt><FinInstnId><BIC>OLBODEH2XXX</BIC></FinInstnId></DbtrAgt><Dbtr><Nm>Stefan Köhler</Nm></Dbtr><DbtrAcct><Id><IBAN>DE67280200507424903800</IBAN></Id></DbtrAcct><RmtInf><Ustrd>Rechnung RE5269 Kunde K22704</Ustrd></RmtInf></DrctDbtTxInf></PmtInf></CstmrDrctDbtInitn></Document>