<?xml version="1.0" encoding="UTF-8" standalone="yes"?><Document xmlns="urn:iso:std:iso:20022:tech:xsd:pain.008.001.02" xmlns:xsi="http://www.w3.org/2001/XMLSchema-instance" xsi:schemaLocation="urn:iso:std:iso:20022:tech:xsd:pain.008.001.02 pain.008.001.02.xsd"><CstmrDrctDbtInitn><GrpHdr><MsgId>FSL2HKEBSIKMHYZWEFHTE3OQHIUVDPFGWUX</MsgId><CreDtTm>2022-07-01T15:32:20</CreDtTm><NbOfTxs>25</NbOfTxs><CtrlSum>486.94</CtrlSum><InitgPty><Nm>Korbacher Energiezentrum</Nm></InitgPty></GrpHdr><PmtInf><PmtInfId>FSL2HKEBSIKMHYZWEFHTE3OQHIUVDPFGWUX</PmtInfId><PmtMtd>DD</PmtMtd><NbOfTxs>25</NbOfTxs><CtrlSum>486.94</CtrlSum><PmtTpInf><SvcLvl><Cd>SEPA</Cd></SvcLvl><LclInstrm><Cd>CORE</Cd></LclInstrm><SeqTp>RCUR</SeqTp></PmtTpInf><ReqdColltnDt>2022-07-11</ReqdColltnDt><Cdtr><Nm>Korbacher Energiezentrum</Nm></Cdtr><CdtrAcct><Id><IBAN>DE84460628175191056500</IBAN></Id></CdtrAcct><CdtrAgt><FinInstnId><BIC>GENODEM1SMA</BIC></FinInstnId></CdtrAgt><ChrgBr>SLEV</ChrgBr><DrctDbtTxInf><PmtId><EndToEndId>FAKCQXGVEJDEQC0DPQ7RBTQ9J923GRPS</EndToEndId></PmtId><InstdAmt Ccy="EUR">18.98</InstdAmt><DrctDbtTx><MndtRltdInf><MndtId>K22981001</MndtId><DtOfSgntr>2020-09-16</DtOfSgntr><AmdmntInd>false</AmdmntInd></MndtRltdInf><CdtrSchmeId><Id><PrvtId><Othr><Id>DE36ZZZ00001457522</Id><SchmeNm><Prtry>SEPA</Prtry></SchmeNm></Othr></PrvtId></Id></CdtrSchmeId></DrctDbtTx><DbtrAgt><FinInstnId><BIC>COBADEFFXXX</BIC></FinInstnId></DbtrAgt><Dbtr><Nm>Uwe Schmidt</Nm></Dbtr><DbtrAcct><Id><IBAN>DE85830400000201959400</IBAN></Id></DbtrAcct><RmtInf><Ustrd>Rechnung RE5270 Kunde K22981</Ustrd></RmtInf></DrctDbtTxInf><DrctDbtTxInf><PmtId><EndToEndId>FAKFRZLIBAOYALFJBG7ORDPARI86UF8Z</EndToEndId></PmtId><InstdAmt Ccy="EUR">2.25</InstdAmt><DrctDbtTx><MndtRltdInf><MndtId>K22989001</MndtId><DtOfSgntr>2021-06-23</DtOfSgntr><AmdmntInd>false</AmdmntInd></MndtRltdInf><CdtrSchmeId><Id><PrvtId><Othr><Id>DE36ZZZ00001457522</Id><SchmeNm><Prtry>SEPA</Prtry></SchmeNm></Othr></PrvtId></Id></CdtrSchmeId></DrctDbtTx><DbtrAgt><FinInstnId><BIC>GENODEF1COS</BIC></FinInstnId></DbtrAgt><Dbtr><Nm>Stefanie und Leonardo Laporta</Nm></Dbtr><DbtrAcct><Id><IBAN>DE39783600000001151770</IBAN></Id></DbtrAcct><RmtInf><Ustrd>Rechnung RE5271 Kunde K22989</Ustrd></RmtInf></DrctDbtTxInf><DrctDbtTxInf><PmtId><EndToEndId>FAKT1PHTUQYFXFNQWHK8WTLRBBMPG0AT</EndToEndId></PmtId><InstdAmt Ccy="EUR">10.7</InstdAmt><DrctDbtTx><MndtRltdInf><MndtId>K23849001</MndtId><DtOfSgntr>2021-07-21</DtOfSgntr><AmdmntInd>false</AmdmntInd></MndtRltdInf><CdtrSchmeId><Id><PrvtId><Othr><Id>DE36ZZZ00001457522</Id><SchmeNm><Prtry>SEPA</Prtry></SchmeNm></Othr></PrvtId></Id></CdtrSchmeId></DrctDbtTx><DbtrAgt><FinInstnId><BIC>DEUTDEDB160</BIC></FinInstnId></DbtrAgt><Dbtr><Nm>Jens Buchholz</Nm></Dbtr><DbtrAcct><Id><IBAN>DE08120700240490592300</IBAN></Id></DbtrAcct><RmtInf><Ustrd>Rechnung RE5272 Kunde K23849</Ustrd></RmtInf></DrctDbtTxInf><DrctDbtTxInf><PmtId><EndToEndId>FAKRE1PGJEW3ENHDFPPGY77AF0R56HP9</EndToEndId></PmtId><InstdAmt Ccy="EUR">5.15</InstdAmt><DrctDbtTx><MndtRltdInf><MndtId>K23851001</MndtId><DtOfSgntr>2021-07-08</DtOfSgntr><AmdmntInd>false</AmdmntInd></MndtRltdInf><CdtrSchmeId><Id><PrvtId><Othr><Id>DE36ZZZ00001457522</Id><SchmeNm><Prtry>SEPA</Prtry></SchmeNm></Othr></PrvtId></Id></CdtrSchmeId></DrctDbtTx><DbtrAgt><FinInstnId><BIC>BYLADEM1KSW</BIC></FinInstnId></DbtrAgt><Dbtr><Nm>Roman Ludwig</Nm></Dbtr><DbtrAcct><Id><IBAN>DE09793501010760694794</IBAN></Id></DbtrAcct><RmtInf><Ustrd>Rechnung RE5273 Kunde K23851</Ustrd></RmtInf></DrctDbtTxInf><DrctDbtTxInf><PmtId><EndToEndId>FAKMCL9KLJTTIEG9BBBCIE8XE1AKXGOQ</EndToEndId></PmtId><InstdAmt Ccy="EUR">19.99</InstdAmt><DrctDbtTx><MndtRltdInf><MndtId>K22002001</MndtId><DtOfSgntr>2021-06-28</DtOfSgntr><AmdmntInd>false</AmdmntInd></MndtRltdInf><CdtrSchmeId><Id><PrvtId><Othr><Id>DE36ZZZ00001457522</Id><SchmeNm><Prtry>SEPA</Prtry></SchmeNm></Othr></PrvtId></Id></CdtrSchmeId></DrctDbtTx><DbtrAgt><FinInstnId><BIC>PBNKDEFF</BIC></FinInstnId></DbtrAgt><Dbtr><Nm>Klaus Schwengers</Nm></Dbtr><DbtrAcct><Id><IBAN>DE70600100700517431701</IBAN></Id></DbtrAcct><RmtInf><Ustrd>Rechnung RE5274 Kunde K22002</Ustrd></RmtInf></DrctDbtTxInf><DrctDbtTxInf><PmtId><EndToEndId>FAK1KC6D7JZCRWCQLLMLZJ9DTSQJO2ZM</EndToEndId></PmtId><InstdAmt Ccy="EUR">19.99</InstdAmt><DrctDbtTx><MndtRltdInf><MndtId>K22441001</MndtId><DtOfSgntr>2021-07-28</DtOfSgntr><AmdmntInd>false</AmdmntInd></MndtRltdInf><CdtrSchmeId><Id><PrvtId><Othr><Id>DE36ZZZ00001457522</Id><SchmeNm><Prtry>SEPA</Prtry></SchmeNm></Othr></PrvtId></Id></CdtrSchmeId></DrctDbtTx><DbtrAgt><FinInstnId><BIC>HELADEF1MAR</BIC></FinInstnId></DbtrAgt><Dbtr><Nm>Thomas Schmidt</Nm></Dbtr><DbtrAcct><Id><IBAN>DE85533500001128001642</IBAN></Id></DbtrAcct><RmtInf><Ustrd>Rechnung RE5275 Kunde K22441</Ustrd></RmtInf></DrctDbtTxInf><DrctDbtTxInf><PmtId><EndToEndId>FAKVHXTWVJHZF5EXXB8GYWF3LC93Y4IJ</EndToEndId></PmtId><InstdAmt Ccy="EUR">19.99</InstdAmt><DrctDbtTx><MndtRltdInf><MndtId>K22543001</MndtId><DtOfSgntr>2021-08-09</DtOfSgntr><AmdmntInd>false</AmdmntInd></MndtRltdInf><CdtrSchmeId><Id><PrvtId><Othr><Id>DE36ZZZ00001457522</Id><SchmeNm><Prtry>SEPA</Prtry></SchmeNm></Othr></PrvtId></Id></CdtrSchmeId></DrctDbtTx><DbtrAgt><FinInstnId><BIC>GENODEM1STM</BIC></FinInstnId></DbtrAgt><Dbtr><Nm>Carsten Rheker</Nm></Dbtr><DbtrAcct><Id><IBAN>DE59472643674801148906</IBAN></Id></DbtrAcct><RmtInf><Ustrd>Rechnung RE5276 Kunde K22543</Ustrd></RmtInf></DrctDbtTxInf><DrctDbtTxInf><PmtId><EndToEndId>FAK8P82GNPJY7SCPFZFUDRE8WDFCQRDT</EndToEndId></PmtId><InstdAmt Ccy="EUR">15.19</InstdAmt><DrctDbtTx><MndtRltdInf><MndtId>K22564001</MndtId><DtOfSgntr>2021-05-26</DtOfSgntr><AmdmntInd>false</AmdmntInd></MndtRltdInf><CdtrSchmeId><Id><PrvtId><Othr><Id>DE36ZZZ00001457522</Id><SchmeNm><Prtry>SEPA</Prtry></SchmeNm></Othr></PrvtId></Id></CdtrSchmeId></DrctDbtTx><DbtrAgt><FinInstnId><BIC>WELADEDLLEV</BIC></FinInstnId></DbtrAgt><Dbtr><Nm>Jürgen  Scherf </Nm></Dbtr><DbtrAcct><Id><IBAN>DE40375514400202174785</IBAN></Id></DbtrAcct><RmtInf><Ustrd>Rechnung RE5277 Kunde K22564</Ustrd></RmtInf></DrctDbtTxInf><DrctDbtTxInf><PmtId><EndToEndId>FAKG9YV9QFIYNDBOIZQMDLGI8KUMFFZF</EndToEndId></PmtId><InstdAmt Ccy="EUR">50.72</InstdAmt><DrctDbtTx><MndtRltdInf><MndtId>K22735001</MndtId><DtOfSgntr>2021-06-15</DtOfSgntr><AmdmntInd>false</AmdmntInd></MndtRltdInf><CdtrSchmeId><Id><PrvtId><Othr><Id>DE36ZZZ00001457522</Id><SchmeNm><Prtry>SEPA</Prtry></SchmeNm></Othr></PrvtId></Id></CdtrSchmeId></DrctDbtTx><DbtrAgt><FinInstnId><BIC>BYLADEM1NES</BIC></FinInstnId></DbtrAgt><Dbtr><Nm>Jürgen Wangorsch</Nm></Dbtr><DbtrAcct><Id><IBAN>DE14793530900000801951</IBAN></Id></DbtrAcct><RmtInf><Ustrd>Rechnung RE5278 Kunde K22735</Ustrd></RmtInf></DrctDbtTxInf><DrctDbtTxInf><PmtId><EndToEndId>FAKKRS94GQQI4KCVSTDUPTI208VFZD4Q</EndToEndId></PmtId><InstdAmt Ccy="EUR">7.76</InstdAmt><DrctDbtTx><MndtRltdInf><MndtId>K22746001</MndtId><DtOfSgntr>2021-06-15</DtOfSgntr><AmdmntInd>false</AmdmntInd></MndtRltdInf><CdtrSchmeId><Id><PrvtId><Othr><Id>DE36ZZZ00001457522</Id><SchmeNm><Prtry>SEPA</Prtry></SchmeNm></Othr></PrvtId></Id></CdtrSchmeId></DrctDbtTx><DbtrAgt><FinInstnId><BIC>DEUTDEDBLEG</BIC></FinInstnId></DbtrAgt><Dbtr><Nm>Hans Uwe Schmidt</Nm></Dbtr><DbtrAcct><Id><IBAN>DE34860700240644643905</IBAN></Id></DbtrAcct><RmtInf><Ustrd>Rechnung RE5279 Kunde K22746</Ustrd></RmtInf></DrctDbtTxInf><DrctDbtTxInf><PmtId><EndToEndId>FAK1FGJ2FC4BFA2BFEEO3IIWBTHI2K2H</EndToEndId></PmtId><InstdAmt Ccy="EUR">4.5</InstdAmt><DrctDbtTx><MndtRltdInf><MndtId>K23853001</MndtId><DtOfSgntr>2021-06-29</DtOfSgntr><AmdmntInd>false</AmdmntInd></MndtRltdInf><CdtrSchmeId><Id><PrvtId><Othr><Id>DE36ZZZ00001457522</Id><SchmeNm><Prtry>SEPA</Prtry></SchmeNm></Othr></PrvtId></Id></CdtrSchmeId></DrctDbtTx><DbtrAgt><FinInstnId><BIC>FLESDEMM</BIC></FinInstnId></DbtrAgt><Dbtr><Nm>Bernd Vogel</Nm></Dbtr><DbtrAcct><Id><IBAN>DE16793301110001540371</IBAN></Id></DbtrAcct><RmtInf><Ustrd>Rechnung RE5284 Kunde K23853</Ustrd></RmtInf></DrctDbtTxInf><DrctDbtTxInf><PmtId><EndToEndId>FAKYYSXCAYODWFHDU1M4OOGJU83G1C5H</EndToEndId></PmtId><InstdAmt Ccy="EUR">0.16</InstdAmt><DrctDbtTx><MndtRltdInf><MndtId>K23857001</MndtId><DtOfSgntr>2021-07-06</DtOfSgntr><AmdmntInd>false</AmdmntInd></MndtRltdInf><CdtrSchmeId><Id><PrvtId><Othr><Id>DE36ZZZ00001457522</Id><SchmeNm><Prtry>SEPA</Prtry></SchmeNm></Othr></PrvtId></Id></CdtrSchmeId></DrctDbtTx><DbtrAgt><FinInstnId><BIC>FLESDEMMXXX</BIC></FinInstnId></DbtrAgt><Dbtr><Nm>Jörg Untiedt</Nm></Dbtr><DbtrAcct><Id><IBAN>DE72793301110000010255</IBAN></Id></DbtrAcct><RmtInf><Ustrd>Rechnung RE5285 Kunde K23857</Ustrd></RmtInf></DrctDbtTxInf><DrctDbtTxInf><PmtId><EndToEndId>FAKG4GUVBFMM2G2BW7PYLM8A4NY92DR8</EndToEndId></PmtId><InstdAmt Ccy="EUR">10.09</InstdAmt><DrctDbtTx><MndtRltdInf><MndtId>K23878001</MndtId><DtOfSgntr>2021-07-16</DtOfSgntr><AmdmntInd>false</AmdmntInd></MndtRltdInf><CdtrSchmeId><Id><PrvtId><Othr><Id>DE36ZZZ00001457522</Id><SchmeNm><Prtry>SEPA</Prtry></SchmeNm></Othr></PrvtId></Id></CdtrSchmeId></DrctDbtTx><DbtrAgt><FinInstnId><BIC>GENODEF1MLV</BIC></FinInstnId></DbtrAgt><Dbtr><Nm>Winfried Kahle</Nm></Dbtr><DbtrAcct><Id><IBAN>DE16790691650000006033</IBAN></Id></DbtrAcct><RmtInf><Ustrd>Rechnung RE5286 Kunde K23878</Ustrd></RmtInf></DrctDbtTxInf><DrctDbtTxInf><PmtId><EndToEndId>FAKEPUA7XHOI2D4TH4UO8W9CACKHZMQ7</EndToEndId></PmtId><InstdAmt Ccy="EUR">27.65</InstdAmt><DrctDbtTx><MndtRltdInf><MndtId>K18420001</MndtId><DtOfSgntr>2021-02-10</DtOfSgntr><AmdmntInd>false</AmdmntInd></MndtRltdInf><CdtrSchmeId><Id><PrvtId><Othr><Id>DE36ZZZ00001457522</Id><SchmeNm><Prtry>SEPA</Prtry></SchmeNm></Othr></PrvtId></Id></CdtrSchmeId></DrctDbtTx><DbtrAgt><FinInstnId><BIC>COBADEFFXXX</BIC></FinInstnId></DbtrAgt><Dbtr><Nm>Markus Reinders</Nm></Dbtr><DbtrAcct><Id><IBAN>DE14820400000117103200</IBAN></Id></DbtrAcct><RmtInf><Ustrd>Rechnung RE5287 Kunde K18420</Ustrd></RmtInf></DrctDbtTxInf><DrctDbtTxInf><PmtId><EndToEndId>FAK6RAZXNXA5QKNAIQTAOJQJC386XK9R</EndToEndId></PmtId><InstdAmt Ccy="EUR">27.41</InstdAmt><DrctDbtTx><MndtRltdInf><MndtId>K22606001</MndtId><DtOfSgntr>2021-06-15</DtOfSgntr><AmdmntInd>false</AmdmntInd></MndtRltdInf><CdtrSchmeId><Id><PrvtId><Othr><Id>DE36ZZZ00001457522</Id><SchmeNm><Prtry>SEPA</Prtry></SchmeNm></Othr></PrvtId></Id></CdtrSchmeId></DrctDbtTx><DbtrAgt><FinInstnId><BIC>HYVEDEMM451</BIC></FinInstnId></DbtrAgt><Dbtr><Nm>Eileen Armann</Nm></Dbtr><DbtrAcct><Id><IBAN>DE22793200750029345384</IBAN></Id></DbtrAcct><RmtInf><Ustrd>Rechnung RE5291 Kunde K22606</Ustrd></RmtInf></DrctDbtTxInf><DrctDbtTxInf><PmtId><EndToEndId>FAKJYBN50EMESEIQLCVTRIYZGBFD4CIH</EndToEndId></PmtId><InstdAmt Ccy="EUR">29.85</InstdAmt><DrctDbtTx><MndtRltdInf><MndtId>K22778001</MndtId><DtOfSgntr>2021-04-16</DtOfSgntr><AmdmntInd>false</AmdmntInd></MndtRltdInf><CdtrSchmeId><Id><PrvtId><Othr><Id>DE36ZZZ00001457522</Id><SchmeNm><Prtry>SEPA</Prtry></SchmeNm></Othr></PrvtId></Id></CdtrSchmeId></DrctDbtTx><DbtrAgt><FinInstnId><BIC>GENODED1ERE</BIC></FinInstnId></DbtrAgt><Dbtr><Nm>Thomas Schmollmann</Nm></Dbtr><DbtrAcct><Id><IBAN>DE81370692527605941014</IBAN></Id></DbtrAcct><RmtInf><Ustrd>Rechnung RE5292 Kunde K22778</Ustrd></RmtInf></DrctDbtTxInf><DrctDbtTxInf><PmtId><EndToEndId>FAKCN5RBBUYZ3JXLGWZ1GHRAXMDDOJSB</EndToEndId></PmtId><InstdAmt Ccy="EUR">52.44</InstdAmt><DrctDbtTx><MndtRltdInf><MndtId>K22984001</MndtId><DtOfSgntr>2021-06-22</DtOfSgntr><AmdmntInd>false</AmdmntInd></MndtRltdInf><CdtrSchmeId><Id><PrvtId><Othr><Id>DE36ZZZ00001457522</Id><SchmeNm><Prtry>SEPA</Prtry></SchmeNm></Othr></PrvtId></Id></CdtrSchmeId></DrctDbtTx><DbtrAgt><FinInstnId><BIC>GENODEF1S06</BIC></FinInstnId></DbtrAgt><Dbtr><Nm>Alfred Beiergrößlein</Nm></Dbtr><DbtrAcct><Id><IBAN>DE30760905000005124611</IBAN></Id></DbtrAcct><RmtInf><Ustrd>Rechnung RE5293 Kunde K22984</Ustrd></RmtInf></DrctDbtTxInf><DrctDbtTxInf><PmtId><EndToEndId>FAKJQ4BL99KDPPGEZWB2HZYVJM3SU9NK</EndToEndId></PmtId><InstdAmt Ccy="EUR">1.27</InstdAmt><DrctDbtTx><MndtRltdInf><MndtId>K24004001</MndtId><DtOfSgntr>2021-06-09</DtOfSgntr><AmdmntInd>false</AmdmntInd></MndtRltdInf><CdtrSchmeId><Id><PrvtId><Othr><Id>DE36ZZZ00001457522</Id><SchmeNm><Prtry>SEPA</Prtry></SchmeNm></Othr></PrvtId></Id></CdtrSchmeId></DrctDbtTx><DbtrAgt><FinInstnId><BIC>DGPBDE3MXXX</BIC></FinInstnId></DbtrAgt><Dbtr><Nm>Peter Flore</Nm></Dbtr><DbtrAcct><Id><IBAN>DE98472601219420640400</IBAN></Id></DbtrAcct><RmtInf><Ustrd>Rechnung RE5294 Kunde K24004</Ustrd></RmtInf></DrctDbtTxInf><DrctDbtTxInf><PmtId><EndToEndId>FAKKUMQDYVH3LJPJDYO3GV3CBOGEJIKC</EndToEndId></PmtId><InstdAmt Ccy="EUR">25.62</InstdAmt><DrctDbtTx><MndtRltdInf><MndtId>K24006001</MndtId><DtOfSgntr>2021-07-29</DtOfSgntr><AmdmntInd>false</AmdmntInd></MndtRltdInf><CdtrSchmeId><Id><PrvtId><Othr><Id>DE36ZZZ00001457522</Id><SchmeNm><Prtry>SEPA</Prtry></SchmeNm></Othr></PrvtId></Id></CdtrSchmeId></DrctDbtTx><DbtrAgt><FinInstnId><BIC>CMCIDEDDXXX</BIC></FinInstnId></DbtrAgt><Dbtr><Nm>Rene Humburg</Nm></Dbtr><DbtrAcct><Id><IBAN>DE48300209001802721998</IBAN></Id></DbtrAcct><RmtInf><Ustrd>Rechnung RE5295 Kunde K24006</Ustrd></RmtInf></DrctDbtTxInf><DrctDbtTxInf><PmtId><EndToEndId>FAKYGUFW5VJBD1R20Z6TGCDKTHHUSLA0</EndToEndId></PmtId><InstdAmt Ccy="EUR">17.8</InstdAmt><DrctDbtTx><MndtRltdInf><MndtId>K24087001</MndtId><DtOfSgntr>2021-07-27</DtOfSgntr><AmdmntInd>false</AmdmntInd></MndtRltdInf><CdtrSchmeId><Id><PrvtId><Othr><Id>DE36ZZZ00001457522</Id><SchmeNm><Prtry>SEPA</Prtry></SchmeNm></Othr></PrvtId></Id></CdtrSchmeId></DrctDbtTx><DbtrAgt><FinInstnId><BIC>BYLADEM1COB</BIC></FinInstnId></DbtrAgt><Dbtr><Nm>Klaus Gagel</Nm></Dbtr><DbtrAcct><Id><IBAN>DE05783500000040575078</IBAN></Id></DbtrAcct><RmtInf><Ustrd>Rechnung RE5296 Kunde K24087</Ustrd></RmtInf></DrctDbtTxInf><DrctDbtTxInf><PmtId><EndToEndId>FAKSXL2BULXFZTR4H5WWR8J0PYAWIIDM</EndToEndId></PmtId><InstdAmt Ccy="EUR">29.45</InstdAmt><DrctDbtTx><MndtRltdInf><MndtId>K19619001</MndtId><DtOfSgntr>2021-05-14</DtOfSgntr><AmdmntInd>false</AmdmntInd></MndtRltdInf><CdtrSchmeId><Id><PrvtId><Othr><Id>DE36ZZZ00001457522</Id><SchmeNm><Prtry>SEPA</Prtry></SchmeNm></Othr></PrvtId></Id></CdtrSchmeId></DrctDbtTx><DbtrAgt><FinInstnId><BIC>WELADED1BEB</BIC></FinInstnId></DbtrAgt><Dbtr><Nm>Burkhard Klappert</Nm></Dbtr><DbtrAcct><Id><IBAN>DE40460534800000781450</IBAN></Id></DbtrAcct><RmtInf><Ustrd>Rechnung RE5297 Kunde K19619</Ustrd></RmtInf></DrctDbtTxInf><DrctDbtTxInf><PmtId><EndToEndId>FAKJYZXZ21Z9BMXVI6DYVMQPLRHQML89</EndToEndId></PmtId><InstdAmt Ccy="EUR">15.76</InstdAmt><DrctDbtTx><MndtRltdInf><MndtId>K22531001</MndtId><DtOfSgntr>2021-06-08</DtOfSgntr><AmdmntInd>false</AmdmntInd></MndtRltdInf><CdtrSchmeId><Id><PrvtId><Othr><Id>DE36ZZZ00001457522</Id><SchmeNm><Prtry>SEPA</Prtry></SchmeNm></Othr></PrvtId></Id></CdtrSchmeId></DrctDbtTx><DbtrAgt><FinInstnId><BIC>GENODEF1HRV</BIC></FinInstnId></DbtrAgt><Dbtr><Nm>Dennis Michel</Nm></Dbtr><DbtrAcct><Id><IBAN>DE06520626010004661834</IBAN></Id></DbtrAcct><RmtInf><Ustrd>Rechnung RE5298 Kunde K22531</Ustrd></RmtInf></DrctDbtTxInf><DrctDbtTxInf><PmtId><EndToEndId>FAK85APLC3SSIFMACG31YGA2VUV1JITF</EndToEndId></PmtId><InstdAmt Ccy="EUR">20.51</InstdAmt><DrctDbtTx><MndtRltdInf><MndtId>K24116001</MndtId><DtOfSgntr>2021-07-23</DtOfSgntr><AmdmntInd>false</AmdmntInd></MndtRltdInf><CdtrSchmeId><Id><PrvtId><Othr><Id>DE36ZZZ00001457522</Id><SchmeNm><Prtry>SEPA</Prtry></SchmeNm></Othr></PrvtId></Id></CdtrSchmeId></DrctDbtTx><DbtrAgt><FinInstnId><BIC>GENODEF1MLV</BIC></FinInstnId></DbtrAgt><Dbtr><Nm>Stefan Heim</Nm></Dbtr><DbtrAcct><Id><IBAN>DE34790691650000726516</IBAN></Id></DbtrAcct><RmtInf><Ustrd>Rechnung RE5299 Kunde K24116</Ustrd></RmtInf></DrctDbtTxInf><DrctDbtTxInf><PmtId><EndToEndId>FAK8ZFCJAZZTMGHNIKGIIDFCPZZ8NNGJ</EndToEndId></PmtId><InstdAmt Ccy="EUR">29.99</InstdAmt><DrctDbtTx><MndtRltdInf><MndtId>K20914001</MndtId><DtOfSgntr>2021-06-05</DtOfSgntr><AmdmntInd>false</AmdmntInd></MndtRltdInf><CdtrSchmeId><Id><PrvtId><Othr><Id>DE36ZZZ00001457522</Id><SchmeNm><Prtry>SEPA</Prtry></SchmeNm></Othr></PrvtId></Id></CdtrSchmeId></DrctDbtTx><DbtrAgt><FinInstnId><BIC>GENODEF1S12</BIC></FinInstnId></DbtrAgt><Dbtr><Nm>Michael Putzke</Nm></Dbtr><DbtrAcct><Id><IBAN>DE13500905000002227684</IBAN></Id></DbtrAcct><RmtInf><Ustrd>Rechnung RE5300 Kunde K20914</Ustrd></RmtInf></DrctDbtTxInf><DrctDbtTxInf><PmtId><EndToEndId>FAKWAAMOZOJUTDLDSKUJVGOCFDJLDNEJ</EndToEndId></PmtId><InstdAmt Ccy="EUR">23.72</InstdAmt><DrctDbtTx><MndtRltdInf><MndtId>K21620001</MndtId><DtOfSgntr>2021-06-01</DtOfSgntr><AmdmntInd>false</AmdmntInd></MndtRltdInf><CdtrSchmeId><Id><PrvtId><Othr><Id>DE36ZZZ00001457522</Id><SchmeNm><Prtry>SEPA</Prtry></SchmeNm></Othr></PrvtId></Id></CdtrSchmeId></DrctDbtTx><DbtrAgt><FinInstnId><BIC>GENODEF1HRV</BIC></FinInstnId></DbtrAgt><Dbtr><Nm>Walter Kraus</Nm></Dbtr><DbtrAcct><Id><IBAN>DE97520626010003415104</IBAN></Id></DbtrAcct><RmtInf><Ustrd>Rechnung RE5301 Kunde K21620</Ustrd></RmtInf></DrctDbtTxInf></PmtInf></CstmrDrctDbtInitn></Document>