<?xml version="1.0" encoding="UTF-8" standalone="yes"?><Document xmlns="urn:iso:std:iso:20022:tech:xsd:pain.008.001.02" xmlns:xsi="http://www.w3.org/2001/XMLSchema-instance" xsi:schemaLocation="urn:iso:std:iso:20022:tech:xsd:pain.008.001.02 pain.008.001.02.xsd"><CstmrDrctDbtInitn><GrpHdr><MsgId>FSLYGZHINEFSV11UMCIKOJNZYDJ5UYNHUUX</MsgId><CreDtTm>2022-07-01T15:34:51</CreDtTm><NbOfTxs>100</NbOfTxs><CtrlSum>3195.79</CtrlSum><InitgPty><Nm>Korbacher Energiezentrum</Nm></InitgPty></GrpHdr><PmtInf><PmtInfId>FSLYGZHINEFSV11UMCIKOJNZYDJ5UYNHUUX</PmtInfId><PmtMtd>DD</PmtMtd><NbOfTxs>100</NbOfTxs><CtrlSum>3195.79</CtrlSum><PmtTpInf><SvcLvl><Cd>SEPA</Cd></SvcLvl><LclInstrm><Cd>CORE</Cd></LclInstrm><SeqTp>RCUR</SeqTp></PmtTpInf><ReqdColltnDt>2022-07-11</ReqdColltnDt><Cdtr><Nm>Korbacher Energiezentrum</Nm></Cdtr><CdtrAcct><Id><IBAN>DE84460628175191056500</IBAN></Id></CdtrAcct><CdtrAgt><FinInstnId><BIC>GENODEM1SMA</BIC></FinInstnId></CdtrAgt><ChrgBr>SLEV</ChrgBr><DrctDbtTxInf><PmtId><EndToEndId>FAKV9QAJZLC6MBGNRTXYMF5LK5LKRI5L</EndToEndId></PmtId><InstdAmt Ccy="EUR">12.68</InstdAmt><DrctDbtTx><MndtRltdInf><MndtId>K21731001</MndtId><DtOfSgntr>2021-05-20</DtOfSgntr><AmdmntInd>false</AmdmntInd></MndtRltdInf><CdtrSchmeId><Id><PrvtId><Othr><Id>DE36ZZZ00001457522</Id><SchmeNm><Prtry>SEPA</Prtry></SchmeNm></Othr></PrvtId></Id></CdtrSchmeId></DrctDbtTx><DbtrAgt><FinInstnId><BIC>DRESDEFF827</BIC></FinInstnId></DbtrAgt><Dbtr><Nm>Eveline Maring</Nm></Dbtr><DbtrAcct><Id><IBAN>DE57820800000384496100</IBAN></Id></DbtrAcct><RmtInf><Ustrd>Rechnung RE5302 Kunde K21731</Ustrd></RmtInf></DrctDbtTxInf><DrctDbtTxInf><PmtId><EndToEndId>FAK1OE7TPEHQC5BICZEMVKSILS2THMLX</EndToEndId></PmtId><InstdAmt Ccy="EUR">22.92</InstdAmt><DrctDbtTx><MndtRltdInf><MndtId>K22598001</MndtId><DtOfSgntr>2021-06-13</DtOfSgntr><AmdmntInd>false</AmdmntInd></MndtRltdInf><CdtrSchmeId><Id><PrvtId><Othr><Id>DE36ZZZ00001457522</Id><SchmeNm><Prtry>SEPA</Prtry></SchmeNm></Othr></PrvtId></Id></CdtrSchmeId></DrctDbtTx><DbtrAgt><FinInstnId><BIC>HYVEDEMM480</BIC></FinInstnId></DbtrAgt><Dbtr><Nm>Maurizio  Turturro </Nm></Dbtr><DbtrAcct><Id><IBAN>DE22783200760339850933</IBAN></Id></DbtrAcct><RmtInf><Ustrd>Rechnung RE5303 Kunde K22598</Ustrd></RmtInf></DrctDbtTxInf><DrctDbtTxInf><PmtId><EndToEndId>FAK5VVEY6Q0D8XN3HAVPXFMD3ON8BVPR</EndToEndId></PmtId><InstdAmt Ccy="EUR">13.75</InstdAmt><DrctDbtTx><MndtRltdInf><MndtId>K22609001</MndtId><DtOfSgntr>2021-06-14</DtOfSgntr><AmdmntInd>false</AmdmntInd></MndtRltdInf><CdtrSchmeId><Id><PrvtId><Othr><Id>DE36ZZZ00001457522</Id><SchmeNm><Prtry>SEPA</Prtry></SchmeNm></Othr></PrvtId></Id></CdtrSchmeId></DrctDbtTx><DbtrAgt><FinInstnId><BIC>COBADEFFXXX</BIC></FinInstnId></DbtrAgt><Dbtr><Nm>Erich Neupert</Nm></Dbtr><DbtrAcct><Id><IBAN>DE52830400000775549900</IBAN></Id></DbtrAcct><RmtInf><Ustrd>Rechnung RE5304 Kunde K22609</Ustrd></RmtInf></DrctDbtTxInf><DrctDbtTxInf><PmtId><EndToEndId>FAKAJYX0AJ3ZXAJUXOCJJ2IL0U3C20YJ</EndToEndId></PmtId><InstdAmt Ccy="EUR">3.15</InstdAmt><DrctDbtTx><MndtRltdInf><MndtId>K22949001</MndtId><DtOfSgntr>2021-06-21</DtOfSgntr><AmdmntInd>false</AmdmntInd></MndtRltdInf><CdtrSchmeId><Id><PrvtId><Othr><Id>DE36ZZZ00001457522</Id><SchmeNm><Prtry>SEPA</Prtry></SchmeNm></Othr></PrvtId></Id></CdtrSchmeId></DrctDbtTx><DbtrAgt><FinInstnId><BIC>BYLADEM1NES</BIC></FinInstnId></DbtrAgt><Dbtr><Nm>Peter Reichert</Nm></Dbtr><DbtrAcct><Id><IBAN>DE17793530900000862425</IBAN></Id></DbtrAcct><RmtInf><Ustrd>Rechnung RE5305 Kunde K22949</Ustrd></RmtInf></DrctDbtTxInf><DrctDbtTxInf><PmtId><EndToEndId>FAK4FIZCCJIFFTUPPEOAGN0JLW36ER0Y</EndToEndId></PmtId><InstdAmt Ccy="EUR">18.98</InstdAmt><DrctDbtTx><MndtRltdInf><MndtId>K22969001</MndtId><DtOfSgntr>2021-06-17</DtOfSgntr><AmdmntInd>false</AmdmntInd></MndtRltdInf><CdtrSchmeId><Id><PrvtId><Othr><Id>DE36ZZZ00001457522</Id><SchmeNm><Prtry>SEPA</Prtry></SchmeNm></Othr></PrvtId></Id></CdtrSchmeId></DrctDbtTx><DbtrAgt><FinInstnId><BIC>INGDDEFFXXX</BIC></FinInstnId></DbtrAgt><Dbtr><Nm>Stefan Wimmer</Nm></Dbtr><DbtrAcct><Id><IBAN>DE31500105175410983617</IBAN></Id></DbtrAcct><RmtInf><Ustrd>Rechnung RE5306 Kunde K22969</Ustrd></RmtInf></DrctDbtTxInf><DrctDbtTxInf><PmtId><EndToEndId>FAKOYT4LON924QZL9QJMG8BCNWLG2QCM</EndToEndId></PmtId><InstdAmt Ccy="EUR">3.74</InstdAmt><DrctDbtTx><MndtRltdInf><MndtId>K22983001</MndtId><DtOfSgntr>2021-06-23</DtOfSgntr><AmdmntInd>false</AmdmntInd></MndtRltdInf><CdtrSchmeId><Id><PrvtId><Othr><Id>DE36ZZZ00001457522</Id><SchmeNm><Prtry>SEPA</Prtry></SchmeNm></Othr></PrvtId></Id></CdtrSchmeId></DrctDbtTx><DbtrAgt><FinInstnId><BIC>BYLADEM1NES</BIC></FinInstnId></DbtrAgt><Dbtr><Nm>Adam Fischer</Nm></Dbtr><DbtrAcct><Id><IBAN>DE02793530900000639401</IBAN></Id></DbtrAcct><RmtInf><Ustrd>Rechnung RE5307 Kunde K22983</Ustrd></RmtInf></DrctDbtTxInf><DrctDbtTxInf><PmtId><EndToEndId>FAKO42LXBEUVDID5IPVAEJJSH60QGW8L</EndToEndId></PmtId><InstdAmt Ccy="EUR">27.32</InstdAmt><DrctDbtTx><MndtRltdInf><MndtId>K22985001</MndtId><DtOfSgntr>2021-06-23</DtOfSgntr><AmdmntInd>false</AmdmntInd></MndtRltdInf><CdtrSchmeId><Id><PrvtId><Othr><Id>DE36ZZZ00001457522</Id><SchmeNm><Prtry>SEPA</Prtry></SchmeNm></Othr></PrvtId></Id></CdtrSchmeId></DrctDbtTx><DbtrAgt><FinInstnId><BIC>BYLADEM1001</BIC></FinInstnId></DbtrAgt><Dbtr><Nm>Kim von Rüden</Nm></Dbtr><DbtrAcct><Id><IBAN>DE12120300001076295524</IBAN></Id></DbtrAcct><RmtInf><Ustrd>Rechnung RE5308 Kunde K22985</Ustrd></RmtInf></DrctDbtTxInf><DrctDbtTxInf><PmtId><EndToEndId>FAKDLXVH6D8MW1ZTTUXACIAZN5YASUFL</EndToEndId></PmtId><InstdAmt Ccy="EUR">345.25</InstdAmt><DrctDbtTx><MndtRltdInf><MndtId>K23183001</MndtId><DtOfSgntr>2021-08-12</DtOfSgntr><AmdmntInd>false</AmdmntInd></MndtRltdInf><CdtrSchmeId><Id><PrvtId><Othr><Id>DE36ZZZ00001457522</Id><SchmeNm><Prtry>SEPA</Prtry></SchmeNm></Othr></PrvtId></Id></CdtrSchmeId></DrctDbtTx><DbtrAgt><FinInstnId><BIC>HYVEDEMMXXX</BIC></FinInstnId></DbtrAgt><Dbtr><Nm>Sonja Zietlow</Nm></Dbtr><DbtrAcct><Id><IBAN>DE20700202705230109607</IBAN></Id></DbtrAcct><RmtInf><Ustrd>Rechnung RE5309 Kunde K23183</Ustrd></RmtInf></DrctDbtTxInf><DrctDbtTxInf><PmtId><EndToEndId>FAKLNPWQ3GLIKASVMMSJXZUEPRTI6QBY</EndToEndId></PmtId><InstdAmt Ccy="EUR">37.83</InstdAmt><DrctDbtTx><MndtRltdInf><MndtId>K24121001</MndtId><DtOfSgntr>2021-07-12</DtOfSgntr><AmdmntInd>false</AmdmntInd></MndtRltdInf><CdtrSchmeId><Id><PrvtId><Othr><Id>DE36ZZZ00001457522</Id><SchmeNm><Prtry>SEPA</Prtry></SchmeNm></Othr></PrvtId></Id></CdtrSchmeId></DrctDbtTx><DbtrAgt><FinInstnId><BIC>FLESDEMM</BIC></FinInstnId></DbtrAgt><Dbtr><Nm>Franz Huth</Nm></Dbtr><DbtrAcct><Id><IBAN>DE85793301110000006044</IBAN></Id></DbtrAcct><RmtInf><Ustrd>Rechnung RE5310 Kunde K24121</Ustrd></RmtInf></DrctDbtTxInf><DrctDbtTxInf><PmtId><EndToEndId>FAKWSTGSXGXTSNZPWUMM4Z808V5KKEVA</EndToEndId></PmtId><InstdAmt Ccy="EUR">18.68</InstdAmt><DrctDbtTx><MndtRltdInf><MndtId>K24165001</MndtId><DtOfSgntr>2021-06-26</DtOfSgntr><AmdmntInd>false</AmdmntInd></MndtRltdInf><CdtrSchmeId><Id><PrvtId><Othr><Id>DE36ZZZ00001457522</Id><SchmeNm><Prtry>SEPA</Prtry></SchmeNm></Othr></PrvtId></Id></CdtrSchmeId></DrctDbtTx><DbtrAgt><FinInstnId><BIC>COBADEFFXXX</BIC></FinInstnId></DbtrAgt><Dbtr><Nm>Marek Hübner</Nm></Dbtr><DbtrAcct><Id><IBAN>DE61310400150158245100</IBAN></Id></DbtrAcct><RmtInf><Ustrd>Rechnung RE5311 Kunde K24165</Ustrd></RmtInf></DrctDbtTxInf><DrctDbtTxInf><PmtId><EndToEndId>FAKAQRJNYJJJMUVS5UROIQMOUHCBGVS7</EndToEndId></PmtId><InstdAmt Ccy="EUR">36.93</InstdAmt><DrctDbtTx><MndtRltdInf><MndtId>K11577001</MndtId><DtOfSgntr>2021-07-23</DtOfSgntr><AmdmntInd>false</AmdmntInd></MndtRltdInf><CdtrSchmeId><Id><PrvtId><Othr><Id>DE36ZZZ00001457522</Id><SchmeNm><Prtry>SEPA</Prtry></SchmeNm></Othr></PrvtId></Id></CdtrSchmeId></DrctDbtTx><DbtrAgt><FinInstnId><BIC>GENODEF1GLU</BIC></FinInstnId></DbtrAgt><Dbtr><Nm>Daniel Streibler</Nm></Dbtr><DbtrAcct><Id><IBAN>DE44530620350200432300</IBAN></Id></DbtrAcct><RmtInf><Ustrd>Rechnung RE5312 Kunde K11577</Ustrd></RmtInf></DrctDbtTxInf><DrctDbtTxInf><PmtId><EndToEndId>FAK2JQL3AF5P77VAKS1FZHYBYJAOCCBE</EndToEndId></PmtId><InstdAmt Ccy="EUR">26.93</InstdAmt><DrctDbtTx><MndtRltdInf><MndtId>K18436001</MndtId><DtOfSgntr>2021-02-04</DtOfSgntr><AmdmntInd>false</AmdmntInd></MndtRltdInf><CdtrSchmeId><Id><PrvtId><Othr><Id>DE36ZZZ00001457522</Id><SchmeNm><Prtry>SEPA</Prtry></SchmeNm></Othr></PrvtId></Id></CdtrSchmeId></DrctDbtTx><DbtrAgt><FinInstnId><BIC>BYLADEM1001</BIC></FinInstnId></DbtrAgt><Dbtr><Nm>Christian Ruppe</Nm></Dbtr><DbtrAcct><Id><IBAN>DE87120300000000981274</IBAN></Id></DbtrAcct><RmtInf><Ustrd>Rechnung RE5313 Kunde K18436</Ustrd></RmtInf></DrctDbtTxInf><DrctDbtTxInf><PmtId><EndToEndId>FAKZNKW4GWTRGFFZL7Q1FG9R8CQFLAW8</EndToEndId></PmtId><InstdAmt Ccy="EUR">19.99</InstdAmt><DrctDbtTx><MndtRltdInf><MndtId>K20763001</MndtId><DtOfSgntr>2021-05-25</DtOfSgntr><AmdmntInd>false</AmdmntInd></MndtRltdInf><CdtrSchmeId><Id><PrvtId><Othr><Id>DE36ZZZ00001457522</Id><SchmeNm><Prtry>SEPA</Prtry></SchmeNm></Othr></PrvtId></Id></CdtrSchmeId></DrctDbtTx><DbtrAgt><FinInstnId><BIC>GENODE51KS1</BIC></FinInstnId></DbtrAgt><Dbtr><Nm>Thomas Nolte</Nm></Dbtr><DbtrAcct><Id><IBAN>DE78520900000140222429</IBAN></Id></DbtrAcct><RmtInf><Ustrd>Rechnung RE5316 Kunde K20763</Ustrd></RmtInf></DrctDbtTxInf><DrctDbtTxInf><PmtId><EndToEndId>FAKF6UVVO111WR7H2ZZLYPRLJNU3RRGL</EndToEndId></PmtId><InstdAmt Ccy="EUR">19.99</InstdAmt><DrctDbtTx><MndtRltdInf><MndtId>K20934001</MndtId><DtOfSgntr>2021-05-31</DtOfSgntr><AmdmntInd>false</AmdmntInd></MndtRltdInf><CdtrSchmeId><Id><PrvtId><Othr><Id>DE36ZZZ00001457522</Id><SchmeNm><Prtry>SEPA</Prtry></SchmeNm></Othr></PrvtId></Id></CdtrSchmeId></DrctDbtTx><DbtrAgt><FinInstnId><BIC>SKGIDE5FXXX</BIC></FinInstnId></DbtrAgt><Dbtr><Nm>Stefan Heupel</Nm></Dbtr><DbtrAcct><Id><IBAN>DE39513500250005311438</IBAN></Id></DbtrAcct><RmtInf><Ustrd>Rechnung RE5319 Kunde K20934</Ustrd></RmtInf></DrctDbtTxInf><DrctDbtTxInf><PmtId><EndToEndId>FAKCHXSENDSAMLWYQSHPWIR5MVZGM4IY</EndToEndId></PmtId><InstdAmt Ccy="EUR">10.98</InstdAmt><DrctDbtTx><MndtRltdInf><MndtId>K24302001</MndtId><DtOfSgntr>2021-06-24</DtOfSgntr><AmdmntInd>false</AmdmntInd></MndtRltdInf><CdtrSchmeId><Id><PrvtId><Othr><Id>DE36ZZZ00001457522</Id><SchmeNm><Prtry>SEPA</Prtry></SchmeNm></Othr></PrvtId></Id></CdtrSchmeId></DrctDbtTx><DbtrAgt><FinInstnId><BIC>DRESDEFF300</BIC></FinInstnId></DbtrAgt><Dbtr><Nm>Michael Huter</Nm></Dbtr><DbtrAcct><Id><IBAN>DE09300800000642539200</IBAN></Id></DbtrAcct><RmtInf><Ustrd>Rechnung RE5324 Kunde K24302</Ustrd></RmtInf></DrctDbtTxInf><DrctDbtTxInf><PmtId><EndToEndId>FAK2PYC9D4VZB3SLQMWKAAELSW5EWRNN</EndToEndId></PmtId><InstdAmt Ccy="EUR">41.07</InstdAmt><DrctDbtTx><MndtRltdInf><MndtId>K24305001</MndtId><DtOfSgntr>2021-06-28</DtOfSgntr><AmdmntInd>false</AmdmntInd></MndtRltdInf><CdtrSchmeId><Id><PrvtId><Othr><Id>DE36ZZZ00001457522</Id><SchmeNm><Prtry>SEPA</Prtry></SchmeNm></Othr></PrvtId></Id></CdtrSchmeId></DrctDbtTx><DbtrAgt><FinInstnId><BIC>COBADEFFXXX</BIC></FinInstnId></DbtrAgt><Dbtr><Nm>Sven Klauke</Nm></Dbtr><DbtrAcct><Id><IBAN>DE57200400000387880800</IBAN></Id></DbtrAcct><RmtInf><Ustrd>Rechnung RE5325 Kunde K24305</Ustrd></RmtInf></DrctDbtTxInf><DrctDbtTxInf><PmtId><EndToEndId>FAKMGAFKVTMA5V7HVFMDCT5POY66EWPI</EndToEndId></PmtId><InstdAmt Ccy="EUR">19.99</InstdAmt><DrctDbtTx><MndtRltdInf><MndtId>K16423001</MndtId><DtOfSgntr>2021-07-15</DtOfSgntr><AmdmntInd>false</AmdmntInd></MndtRltdInf><CdtrSchmeId><Id><PrvtId><Othr><Id>DE36ZZZ00001457522</Id><SchmeNm><Prtry>SEPA</Prtry></SchmeNm></Othr></PrvtId></Id></CdtrSchmeId></DrctDbtTx><DbtrAgt><FinInstnId><BIC>HELADEF1KOR</BIC></FinInstnId></DbtrAgt><Dbtr><Nm>Andreas Gottmann</Nm></Dbtr><DbtrAcct><Id><IBAN>DE75523500050002958585</IBAN></Id></DbtrAcct><RmtInf><Ustrd>Rechnung RE5460 Kunde K16423</Ustrd></RmtInf></DrctDbtTxInf><DrctDbtTxInf><PmtId><EndToEndId>FAKGHKCDEKMDWFOIHABBPGRGY8LEEL6A</EndToEndId></PmtId><InstdAmt Ccy="EUR">14.66</InstdAmt><DrctDbtTx><MndtRltdInf><MndtId>K18899001</MndtId><DtOfSgntr>2021-07-16</DtOfSgntr><AmdmntInd>false</AmdmntInd></MndtRltdInf><CdtrSchmeId><Id><PrvtId><Othr><Id>DE36ZZZ00001457522</Id><SchmeNm><Prtry>SEPA</Prtry></SchmeNm></Othr></PrvtId></Id></CdtrSchmeId></DrctDbtTx><DbtrAgt><FinInstnId><BIC>PBNKDEFFXXX</BIC></FinInstnId></DbtrAgt><Dbtr><Nm>Detlev Winkler</Nm></Dbtr><DbtrAcct><Id><IBAN>DE31440100460144356469</IBAN></Id></DbtrAcct><RmtInf><Ustrd>Rechnung RE5463 Kunde K18899</Ustrd></RmtInf></DrctDbtTxInf><DrctDbtTxInf><PmtId><EndToEndId>FAKPUWY3QLPBDUVRAYHBSUKMEROK7KZZ</EndToEndId></PmtId><InstdAmt Ccy="EUR">6.32</InstdAmt><DrctDbtTx><MndtRltdInf><MndtId>K20251001</MndtId><DtOfSgntr>2021-06-30</DtOfSgntr><AmdmntInd>false</AmdmntInd></MndtRltdInf><CdtrSchmeId><Id><PrvtId><Othr><Id>DE36ZZZ00001457522</Id><SchmeNm><Prtry>SEPA</Prtry></SchmeNm></Othr></PrvtId></Id></CdtrSchmeId></DrctDbtTx><DbtrAgt><FinInstnId><BIC>GENODEF1ESW</BIC></FinInstnId></DbtrAgt><Dbtr><Nm>Klemens Kresin</Nm></Dbtr><DbtrAcct><Id><IBAN>DE94522603850003927172</IBAN></Id></DbtrAcct><RmtInf><Ustrd>Rechnung RE5465 Kunde K20251</Ustrd></RmtInf></DrctDbtTxInf><DrctDbtTxInf><PmtId><EndToEndId>FAKAZRDJDLXQPZABUT4XBUTXR12YK5CB</EndToEndId></PmtId><InstdAmt Ccy="EUR">24.82</InstdAmt><DrctDbtTx><MndtRltdInf><MndtId>K20977001</MndtId><DtOfSgntr>2021-05-27</DtOfSgntr><AmdmntInd>false</AmdmntInd></MndtRltdInf><CdtrSchmeId><Id><PrvtId><Othr><Id>DE36ZZZ00001457522</Id><SchmeNm><Prtry>SEPA</Prtry></SchmeNm></Othr></PrvtId></Id></CdtrSchmeId></DrctDbtTx><DbtrAgt><FinInstnId><BIC>VBMHDE5FXXX</BIC></FinInstnId></DbtrAgt><Dbtr><Nm>Matthias Strauß</Nm></Dbtr><DbtrAcct><Id><IBAN>DE22513900000073460107</IBAN></Id></DbtrAcct><RmtInf><Ustrd>Rechnung RE5466 Kunde K20977</Ustrd></RmtInf></DrctDbtTxInf><DrctDbtTxInf><PmtId><EndToEndId>FAKCF9YOFPRNER7FWOGGA98P0BDXQFJ0</EndToEndId></PmtId><InstdAmt Ccy="EUR">13.49</InstdAmt><DrctDbtTx><MndtRltdInf><MndtId>K21401001</MndtId><DtOfSgntr>2021-05-29</DtOfSgntr><AmdmntInd>false</AmdmntInd></MndtRltdInf><CdtrSchmeId><Id><PrvtId><Othr><Id>DE36ZZZ00001457522</Id><SchmeNm><Prtry>SEPA</Prtry></SchmeNm></Othr></PrvtId></Id></CdtrSchmeId></DrctDbtTx><DbtrAgt><FinInstnId><BIC>INGDDEFFXXX</BIC></FinInstnId></DbtrAgt><Dbtr><Nm>Josef Schäfer</Nm></Dbtr><DbtrAcct><Id><IBAN>DE18500105175407175728</IBAN></Id></DbtrAcct><RmtInf><Ustrd>Rechnung RE5467 Kunde K21401</Ustrd></RmtInf></DrctDbtTxInf><DrctDbtTxInf><PmtId><EndToEndId>FAK1KOKGSFZ7YUTHLIEGAVPNW1TINOPY</EndToEndId></PmtId><InstdAmt Ccy="EUR">8.2</InstdAmt><DrctDbtTx><MndtRltdInf><MndtId>K21552001</MndtId><DtOfSgntr>2021-05-06</DtOfSgntr><AmdmntInd>false</AmdmntInd></MndtRltdInf><CdtrSchmeId><Id><PrvtId><Othr><Id>DE36ZZZ00001457522</Id><SchmeNm><Prtry>SEPA</Prtry></SchmeNm></Othr></PrvtId></Id></CdtrSchmeId></DrctDbtTx><DbtrAgt><FinInstnId><BIC>HELADEF1GRG</BIC></FinInstnId></DbtrAgt><Dbtr><Nm>Robert Sachse</Nm></Dbtr><DbtrAcct><Id><IBAN>DE52508525530117389494</IBAN></Id></DbtrAcct><RmtInf><Ustrd>Rechnung RE5468 Kunde K21552</Ustrd></RmtInf></DrctDbtTxInf><DrctDbtTxInf><PmtId><EndToEndId>FAK7IMXTZ5S3GR1Y7ZPMWFN2V3ZKWIQ6</EndToEndId></PmtId><InstdAmt Ccy="EUR">2.49</InstdAmt><DrctDbtTx><MndtRltdInf><MndtId>K21663001</MndtId><DtOfSgntr>2021-05-17</DtOfSgntr><AmdmntInd>false</AmdmntInd></MndtRltdInf><CdtrSchmeId><Id><PrvtId><Othr><Id>DE36ZZZ00001457522</Id><SchmeNm><Prtry>SEPA</Prtry></SchmeNm></Othr></PrvtId></Id></CdtrSchmeId></DrctDbtTx><DbtrAgt><FinInstnId><BIC>GENODEF1WU1</BIC></FinInstnId></DbtrAgt><Dbtr><Nm>Erhard Rada</Nm></Dbtr><DbtrAcct><Id><IBAN>DE04790900000008943451</IBAN></Id></DbtrAcct><RmtInf><Ustrd>Rechnung RE5469 Kunde K21663</Ustrd></RmtInf></DrctDbtTxInf><DrctDbtTxInf><PmtId><EndToEndId>FAKTQ2GUOPUWYRROIKG7OIBEV6AHRHUD</EndToEndId></PmtId><InstdAmt Ccy="EUR">19.99</InstdAmt><DrctDbtTx><MndtRltdInf><MndtId>K8087001</MndtId><DtOfSgntr>2021-07-14</DtOfSgntr><AmdmntInd>false</AmdmntInd></MndtRltdInf><CdtrSchmeId><Id><PrvtId><Othr><Id>DE36ZZZ00001457522</Id><SchmeNm><Prtry>SEPA</Prtry></SchmeNm></Othr></PrvtId></Id></CdtrSchmeId></DrctDbtTx><DbtrAgt><FinInstnId><BIC>HELADEF1KOR</BIC></FinInstnId></DbtrAgt><Dbtr><Nm>Tobias Hecker</Nm></Dbtr><DbtrAcct><Id><IBAN>DE63523500050005840574</IBAN></Id></DbtrAcct><RmtInf><Ustrd>Rechnung RE5326 Kunde K8087</Ustrd></RmtInf></DrctDbtTxInf><DrctDbtTxInf><PmtId><EndToEndId>FAKMLLVIG6BHKBUTMKXVFKSSOBMKM4VF</EndToEndId></PmtId><InstdAmt Ccy="EUR">3.61</InstdAmt><DrctDbtTx><MndtRltdInf><MndtId>K22525001</MndtId><DtOfSgntr>2021-06-07</DtOfSgntr><AmdmntInd>false</AmdmntInd></MndtRltdInf><CdtrSchmeId><Id><PrvtId><Othr><Id>DE36ZZZ00001457522</Id><SchmeNm><Prtry>SEPA</Prtry></SchmeNm></Othr></PrvtId></Id></CdtrSchmeId></DrctDbtTx><DbtrAgt><FinInstnId><BIC>PBNKDEFF</BIC></FinInstnId></DbtrAgt><Dbtr><Nm>Thomas Szymanowski</Nm></Dbtr><DbtrAcct><Id><IBAN>DE13600100700426062704</IBAN></Id></DbtrAcct><RmtInf><Ustrd>Rechnung RE5329 Kunde K22525</Ustrd></RmtInf></DrctDbtTxInf><DrctDbtTxInf><PmtId><EndToEndId>FAKJTFGSZGCFG1TFDXMJXOA6WTL6NWXT</EndToEndId></PmtId><InstdAmt Ccy="EUR">21.57</InstdAmt><DrctDbtTx><MndtRltdInf><MndtId>K22583001</MndtId><DtOfSgntr>2021-06-09</DtOfSgntr><AmdmntInd>false</AmdmntInd></MndtRltdInf><CdtrSchmeId><Id><PrvtId><Othr><Id>DE36ZZZ00001457522</Id><SchmeNm><Prtry>SEPA</Prtry></SchmeNm></Othr></PrvtId></Id></CdtrSchmeId></DrctDbtTx><DbtrAgt><FinInstnId><BIC>MALADE51AKI</BIC></FinInstnId></DbtrAgt><Dbtr><Nm>Abdullah Kurt</Nm></Dbtr><DbtrAcct><Id><IBAN>DE88573510300160012993</IBAN></Id></DbtrAcct><RmtInf><Ustrd>Rechnung RE5330 Kunde K22583</Ustrd></RmtInf></DrctDbtTxInf><DrctDbtTxInf><PmtId><EndToEndId>FAK3HHVEQTCD9HHK8MU7JNOFIHI7UKVB</EndToEndId></PmtId><InstdAmt Ccy="EUR">48.39</InstdAmt><DrctDbtTx><MndtRltdInf><MndtId>K22771001</MndtId><DtOfSgntr>2021-06-17</DtOfSgntr><AmdmntInd>false</AmdmntInd></MndtRltdInf><CdtrSchmeId><Id><PrvtId><Othr><Id>DE36ZZZ00001457522</Id><SchmeNm><Prtry>SEPA</Prtry></SchmeNm></Othr></PrvtId></Id></CdtrSchmeId></DrctDbtTx><DbtrAgt><FinInstnId><BIC>GENODEF1SHL</BIC></FinInstnId></DbtrAgt><Dbtr><Nm>Jörg Rühlmann</Nm></Dbtr><DbtrAcct><Id><IBAN>DE18840948145006501150</IBAN></Id></DbtrAcct><RmtInf><Ustrd>Rechnung RE5331 Kunde K22771</Ustrd></RmtInf></DrctDbtTxInf><DrctDbtTxInf><PmtId><EndToEndId>FAKWMHJ1FXYQZCLRMUGOSPGCGTD4D4XC</EndToEndId></PmtId><InstdAmt Ccy="EUR">118.07</InstdAmt><DrctDbtTx><MndtRltdInf><MndtId>K22888001</MndtId><DtOfSgntr>2021-06-16</DtOfSgntr><AmdmntInd>false</AmdmntInd></MndtRltdInf><CdtrSchmeId><Id><PrvtId><Othr><Id>DE36ZZZ00001457522</Id><SchmeNm><Prtry>SEPA</Prtry></SchmeNm></Othr></PrvtId></Id></CdtrSchmeId></DrctDbtTx><DbtrAgt><FinInstnId><BIC>NORSDE51XXX</BIC></FinInstnId></DbtrAgt><Dbtr><Nm>Simone Fella-Bötsch</Nm></Dbtr><DbtrAcct><Id><IBAN>DE34100777770055773600</IBAN></Id></DbtrAcct><RmtInf><Ustrd>Rechnung RE5332 Kunde K22888</Ustrd></RmtInf></DrctDbtTxInf><DrctDbtTxInf><PmtId><EndToEndId>FAKLJHIWBMLFSOC8T22ZWI3IGCFNVZGV</EndToEndId></PmtId><InstdAmt Ccy="EUR">12.92</InstdAmt><DrctDbtTx><MndtRltdInf><MndtId>K23947001</MndtId><DtOfSgntr>2021-09-06</DtOfSgntr><AmdmntInd>false</AmdmntInd></MndtRltdInf><CdtrSchmeId><Id><PrvtId><Othr><Id>DE36ZZZ00001457522</Id><SchmeNm><Prtry>SEPA</Prtry></SchmeNm></Othr></PrvtId></Id></CdtrSchmeId></DrctDbtTx><DbtrAgt><FinInstnId><BIC>BYLADEM1KSW</BIC></FinInstnId></DbtrAgt><Dbtr><Nm>Josef Gräf</Nm></Dbtr><DbtrAcct><Id><IBAN>DE57793501010000553818</IBAN></Id></DbtrAcct><RmtInf><Ustrd>Rechnung RE5334 Kunde K23947</Ustrd></RmtInf></DrctDbtTxInf><DrctDbtTxInf><PmtId><EndToEndId>FAKOI7P8G39IVXVXEOZBQWBVBR0OD4MU</EndToEndId></PmtId><InstdAmt Ccy="EUR">5.55</InstdAmt><DrctDbtTx><MndtRltdInf><MndtId>K24426001</MndtId><DtOfSgntr>2021-07-19</DtOfSgntr><AmdmntInd>false</AmdmntInd></MndtRltdInf><CdtrSchmeId><Id><PrvtId><Othr><Id>DE36ZZZ00001457522</Id><SchmeNm><Prtry>SEPA</Prtry></SchmeNm></Othr></PrvtId></Id></CdtrSchmeId></DrctDbtTx><DbtrAgt><FinInstnId><BIC>INGDDEFFXXX</BIC></FinInstnId></DbtrAgt><Dbtr><Nm>Annette Schäfer</Nm></Dbtr><DbtrAcct><Id><IBAN>DE26500105175413440814</IBAN></Id></DbtrAcct><RmtInf><Ustrd>Rechnung RE5335 Kunde K24426</Ustrd></RmtInf></DrctDbtTxInf><DrctDbtTxInf><PmtId><EndToEndId>FAKNJJ5GFIR83AMRADRULIWXFC5UVDE6</EndToEndId></PmtId><InstdAmt Ccy="EUR">2.73</InstdAmt><DrctDbtTx><MndtRltdInf><MndtId>K24428001</MndtId><DtOfSgntr>2021-07-01</DtOfSgntr><AmdmntInd>false</AmdmntInd></MndtRltdInf><CdtrSchmeId><Id><PrvtId><Othr><Id>DE36ZZZ00001457522</Id><SchmeNm><Prtry>SEPA</Prtry></SchmeNm></Othr></PrvtId></Id></CdtrSchmeId></DrctDbtTx><DbtrAgt><FinInstnId><BIC>BYLADEM1NES</BIC></FinInstnId></DbtrAgt><Dbtr><Nm>Joachim Stäblein</Nm></Dbtr><DbtrAcct><Id><IBAN>DE40793530900000553842</IBAN></Id></DbtrAcct><RmtInf><Ustrd>Rechnung RE5336 Kunde K24428</Ustrd></RmtInf></DrctDbtTxInf><DrctDbtTxInf><PmtId><EndToEndId>FAKL5IXONTGGXPEIFFBUXZTZ0OLFPLCX</EndToEndId></PmtId><InstdAmt Ccy="EUR">17.45</InstdAmt><DrctDbtTx><MndtRltdInf><MndtId>K24431001</MndtId><DtOfSgntr>2021-07-20</DtOfSgntr><AmdmntInd>false</AmdmntInd></MndtRltdInf><CdtrSchmeId><Id><PrvtId><Othr><Id>DE36ZZZ00001457522</Id><SchmeNm><Prtry>SEPA</Prtry></SchmeNm></Othr></PrvtId></Id></CdtrSchmeId></DrctDbtTx><DbtrAgt><FinInstnId><BIC>GENODEF1DRA</BIC></FinInstnId></DbtrAgt><Dbtr><Nm>Thorsten Zwack</Nm></Dbtr><DbtrAcct><Id><IBAN>DE06260624330008400261</IBAN></Id></DbtrAcct><RmtInf><Ustrd>Rechnung RE5337 Kunde K24431</Ustrd></RmtInf></DrctDbtTxInf><DrctDbtTxInf><PmtId><EndToEndId>FAK6AJXPQRZO0LUSZP12K27YILMKVYNH</EndToEndId></PmtId><InstdAmt Ccy="EUR">116.01</InstdAmt><DrctDbtTx><MndtRltdInf><MndtId>K24438001</MndtId><DtOfSgntr>2021-07-21</DtOfSgntr><AmdmntInd>false</AmdmntInd></MndtRltdInf><CdtrSchmeId><Id><PrvtId><Othr><Id>DE36ZZZ00001457522</Id><SchmeNm><Prtry>SEPA</Prtry></SchmeNm></Othr></PrvtId></Id></CdtrSchmeId></DrctDbtTx><DbtrAgt><FinInstnId><BIC>DAAEDEDDXXX</BIC></FinInstnId></DbtrAgt><Dbtr><Nm>Rüdiger Loos</Nm></Dbtr><DbtrAcct><Id><IBAN>DE63300606010008670145</IBAN></Id></DbtrAcct><RmtInf><Ustrd>Rechnung RE5339 Kunde K24438</Ustrd></RmtInf></DrctDbtTxInf><DrctDbtTxInf><PmtId><EndToEndId>FAK9RS83IODQIBADXESBS2FTUU9OVVAM</EndToEndId></PmtId><InstdAmt Ccy="EUR">9.03</InstdAmt><DrctDbtTx><MndtRltdInf><MndtId>K24441001</MndtId><DtOfSgntr>2021-07-20</DtOfSgntr><AmdmntInd>false</AmdmntInd></MndtRltdInf><CdtrSchmeId><Id><PrvtId><Othr><Id>DE36ZZZ00001457522</Id><SchmeNm><Prtry>SEPA</Prtry></SchmeNm></Othr></PrvtId></Id></CdtrSchmeId></DrctDbtTx><DbtrAgt><FinInstnId><BIC>BYLADEM1KSW</BIC></FinInstnId></DbtrAgt><Dbtr><Nm>Jürgen Rennert</Nm></Dbtr><DbtrAcct><Id><IBAN>DE63793501010000532176</IBAN></Id></DbtrAcct><RmtInf><Ustrd>Rechnung RE5340 Kunde K24441</Ustrd></RmtInf></DrctDbtTxInf><DrctDbtTxInf><PmtId><EndToEndId>FAKJUMTV9CPEXINPWP8FNLGCWGLGXI7P</EndToEndId></PmtId><InstdAmt Ccy="EUR">55.47</InstdAmt><DrctDbtTx><MndtRltdInf><MndtId>K22250001</MndtId><DtOfSgntr>2021-05-31</DtOfSgntr><AmdmntInd>false</AmdmntInd></MndtRltdInf><CdtrSchmeId><Id><PrvtId><Othr><Id>DE36ZZZ00001457522</Id><SchmeNm><Prtry>SEPA</Prtry></SchmeNm></Othr></PrvtId></Id></CdtrSchmeId></DrctDbtTx><DbtrAgt><FinInstnId><BIC>VOHADE2HXXX</BIC></FinInstnId></DbtrAgt><Dbtr><Nm>Sebastian Hoffmann</Nm></Dbtr><DbtrAcct><Id><IBAN>DE09251900010790223900</IBAN></Id></DbtrAcct><RmtInf><Ustrd>Rechnung RE5328 Kunde K22250</Ustrd></RmtInf></DrctDbtTxInf><DrctDbtTxInf><PmtId><EndToEndId>FAKR3UBXZVBNYEAWBZAGINQNV9HQNPPO</EndToEndId></PmtId><InstdAmt Ccy="EUR">67.69</InstdAmt><DrctDbtTx><MndtRltdInf><MndtId>K23769001</MndtId><DtOfSgntr>2021-06-30</DtOfSgntr><AmdmntInd>false</AmdmntInd></MndtRltdInf><CdtrSchmeId><Id><PrvtId><Othr><Id>DE36ZZZ00001457522</Id><SchmeNm><Prtry>SEPA</Prtry></SchmeNm></Othr></PrvtId></Id></CdtrSchmeId></DrctDbtTx><DbtrAgt><FinInstnId><BIC>GENODEF1BRK</BIC></FinInstnId></DbtrAgt><Dbtr><Nm>Konrad Kiesel</Nm></Dbtr><DbtrAcct><Id><IBAN>DE37790650280005915945</IBAN></Id></DbtrAcct><RmtInf><Ustrd>Rechnung RE5333 Kunde K23769</Ustrd></RmtInf></DrctDbtTxInf><DrctDbtTxInf><PmtId><EndToEndId>FAKKRU41FVST3426YK6QQSQ2Q9D8WNQL</EndToEndId></PmtId><InstdAmt Ccy="EUR">2.21</InstdAmt><DrctDbtTx><MndtRltdInf><MndtId>K24435001</MndtId><DtOfSgntr>2021-07-20</DtOfSgntr><AmdmntInd>false</AmdmntInd></MndtRltdInf><CdtrSchmeId><Id><PrvtId><Othr><Id>DE36ZZZ00001457522</Id><SchmeNm><Prtry>SEPA</Prtry></SchmeNm></Othr></PrvtId></Id></CdtrSchmeId></DrctDbtTx><DbtrAgt><FinInstnId><BIC>BYLADEM1KSW</BIC></FinInstnId></DbtrAgt><Dbtr><Nm>Andreas Hofmann</Nm></Dbtr><DbtrAcct><Id><IBAN>DE22793501010009256512</IBAN></Id></DbtrAcct><RmtInf><Ustrd>Rechnung RE5338 Kunde K24435</Ustrd></RmtInf></DrctDbtTxInf><DrctDbtTxInf><PmtId><EndToEndId>FAK99SPZ7SBVABWVNKSJLKVRBMNA5HKA</EndToEndId></PmtId><InstdAmt Ccy="EUR">10.96</InstdAmt><DrctDbtTx><MndtRltdInf><MndtId>K20901001</MndtId><DtOfSgntr>2021-04-21</DtOfSgntr><AmdmntInd>false</AmdmntInd></MndtRltdInf><CdtrSchmeId><Id><PrvtId><Othr><Id>DE36ZZZ00001457522</Id><SchmeNm><Prtry>SEPA</Prtry></SchmeNm></Othr></PrvtId></Id></CdtrSchmeId></DrctDbtTx><DbtrAgt><FinInstnId><BIC>BYLADEM1KSW</BIC></FinInstnId></DbtrAgt><Dbtr><Nm>Werner Hartmann</Nm></Dbtr><DbtrAcct><Id><IBAN>DE70793501010000553875</IBAN></Id></DbtrAcct><RmtInf><Ustrd>Rechnung RE5341 Kunde K20901</Ustrd></RmtInf></DrctDbtTxInf><DrctDbtTxInf><PmtId><EndToEndId>FAK7CQZHQYW9YYZPJBKRRDBUBK6YPE3T</EndToEndId></PmtId><InstdAmt Ccy="EUR">7.21</InstdAmt><DrctDbtTx><MndtRltdInf><MndtId>K21725001</MndtId><DtOfSgntr>2021-05-17</DtOfSgntr><AmdmntInd>false</AmdmntInd></MndtRltdInf><CdtrSchmeId><Id><PrvtId><Othr><Id>DE36ZZZ00001457522</Id><SchmeNm><Prtry>SEPA</Prtry></SchmeNm></Othr></PrvtId></Id></CdtrSchmeId></DrctDbtTx><DbtrAgt><FinInstnId><BIC>CMCIDEDDXXX</BIC></FinInstnId></DbtrAgt><Dbtr><Nm>Tobias Manil</Nm></Dbtr><DbtrAcct><Id><IBAN>DE18300209000901720772</IBAN></Id></DbtrAcct><RmtInf><Ustrd>Rechnung RE5342 Kunde K21725</Ustrd></RmtInf></DrctDbtTxInf><DrctDbtTxInf><PmtId><EndToEndId>FAKMJ8BBWD3GQ0WJMFMCCWRDFQYH9PYV</EndToEndId></PmtId><InstdAmt Ccy="EUR">42.38</InstdAmt><DrctDbtTx><MndtRltdInf><MndtId>K24456001</MndtId><DtOfSgntr>2021-06-23</DtOfSgntr><AmdmntInd>false</AmdmntInd></MndtRltdInf><CdtrSchmeId><Id><PrvtId><Othr><Id>DE36ZZZ00001457522</Id><SchmeNm><Prtry>SEPA</Prtry></SchmeNm></Othr></PrvtId></Id></CdtrSchmeId></DrctDbtTx><DbtrAgt><FinInstnId><BIC>NOLADE21GFW</BIC></FinInstnId></DbtrAgt><Dbtr><Nm>Gero Mulkau</Nm></Dbtr><DbtrAcct><Id><IBAN>DE59269513110111403622</IBAN></Id></DbtrAcct><RmtInf><Ustrd>Rechnung RE5345 Kunde K24456</Ustrd></RmtInf></DrctDbtTxInf><DrctDbtTxInf><PmtId><EndToEndId>FAKMTTKRTRVD7SSQHPYKJSZYZFNVGJGS</EndToEndId></PmtId><InstdAmt Ccy="EUR">45.27</InstdAmt><DrctDbtTx><MndtRltdInf><MndtId>K24477001</MndtId><DtOfSgntr>2021-07-12</DtOfSgntr><AmdmntInd>false</AmdmntInd></MndtRltdInf><CdtrSchmeId><Id><PrvtId><Othr><Id>DE36ZZZ00001457522</Id><SchmeNm><Prtry>SEPA</Prtry></SchmeNm></Othr></PrvtId></Id></CdtrSchmeId></DrctDbtTx><DbtrAgt><FinInstnId><BIC>BYLADEM1ING</BIC></FinInstnId></DbtrAgt><Dbtr><Nm>Prof. Dr. Bernd-Robert Höhn</Nm></Dbtr><DbtrAcct><Id><IBAN>DE30721500000018913632</IBAN></Id></DbtrAcct><RmtInf><Ustrd>Rechnung RE5346 Kunde K24477</Ustrd></RmtInf></DrctDbtTxInf><DrctDbtTxInf><PmtId><EndToEndId>FAK211SCFELCB5KB73JMLWHQWKLVBODJ</EndToEndId></PmtId><InstdAmt Ccy="EUR">10.06</InstdAmt><DrctDbtTx><MndtRltdInf><MndtId>K24533001</MndtId><DtOfSgntr>2021-08-01</DtOfSgntr><AmdmntInd>false</AmdmntInd></MndtRltdInf><CdtrSchmeId><Id><PrvtId><Othr><Id>DE36ZZZ00001457522</Id><SchmeNm><Prtry>SEPA</Prtry></SchmeNm></Othr></PrvtId></Id></CdtrSchmeId></DrctDbtTx><DbtrAgt><FinInstnId><BIC>BYLADEM1KIS</BIC></FinInstnId></DbtrAgt><Dbtr><Nm>Christian  Kühnlein </Nm></Dbtr><DbtrAcct><Id><IBAN>DE65793510100000817981</IBAN></Id></DbtrAcct><RmtInf><Ustrd>Rechnung RE5347 Kunde K24533</Ustrd></RmtInf></DrctDbtTxInf><DrctDbtTxInf><PmtId><EndToEndId>FAKHJCSRYURF5TXWDCX9MEHQZI7QAVM5</EndToEndId></PmtId><InstdAmt Ccy="EUR">103.06</InstdAmt><DrctDbtTx><MndtRltdInf><MndtId>K24541001</MndtId><DtOfSgntr>2021-07-24</DtOfSgntr><AmdmntInd>false</AmdmntInd></MndtRltdInf><CdtrSchmeId><Id><PrvtId><Othr><Id>DE36ZZZ00001457522</Id><SchmeNm><Prtry>SEPA</Prtry></SchmeNm></Othr></PrvtId></Id></CdtrSchmeId></DrctDbtTx><DbtrAgt><FinInstnId><BIC>GENODES1VMN</BIC></FinInstnId></DbtrAgt><Dbtr><Nm>Sven Reinhardt</Nm></Dbtr><DbtrAcct><Id><IBAN>DE13620916000852583001</IBAN></Id></DbtrAcct><RmtInf><Ustrd>Rechnung RE5348 Kunde K24541</Ustrd></RmtInf></DrctDbtTxInf><DrctDbtTxInf><PmtId><EndToEndId>FAKGHZ8IZ307BAK97DWA2BIJT3I9YYYG</EndToEndId></PmtId><InstdAmt Ccy="EUR">187.19</InstdAmt><DrctDbtTx><MndtRltdInf><MndtId>K24544001</MndtId><DtOfSgntr>2021-08-03</DtOfSgntr><AmdmntInd>false</AmdmntInd></MndtRltdInf><CdtrSchmeId><Id><PrvtId><Othr><Id>DE36ZZZ00001457522</Id><SchmeNm><Prtry>SEPA</Prtry></SchmeNm></Othr></PrvtId></Id></CdtrSchmeId></DrctDbtTx><DbtrAgt><FinInstnId><BIC>BYLADEM1COB</BIC></FinInstnId></DbtrAgt><Dbtr><Nm>Frank Wittmann</Nm></Dbtr><DbtrAcct><Id><IBAN>DE17783500000040480287</IBAN></Id></DbtrAcct><RmtInf><Ustrd>Rechnung RE5349 Kunde K24544</Ustrd></RmtInf></DrctDbtTxInf><DrctDbtTxInf><PmtId><EndToEndId>FAKE2WUGKOV9TAVWM50EG1ZL6CRYAGXZ</EndToEndId></PmtId><InstdAmt Ccy="EUR">16.12</InstdAmt><DrctDbtTx><MndtRltdInf><MndtId>K21870001</MndtId><DtOfSgntr>2021-05-21</DtOfSgntr><AmdmntInd>false</AmdmntInd></MndtRltdInf><CdtrSchmeId><Id><PrvtId><Othr><Id>DE36ZZZ00001457522</Id><SchmeNm><Prtry>SEPA</Prtry></SchmeNm></Othr></PrvtId></Id></CdtrSchmeId></DrctDbtTx><DbtrAgt><FinInstnId><BIC>BYLADEM1001</BIC></FinInstnId></DbtrAgt><Dbtr><Nm>Silvio Maushake</Nm></Dbtr><DbtrAcct><Id><IBAN>DE13120300001006296329</IBAN></Id></DbtrAcct><RmtInf><Ustrd>Rechnung RE5354 Kunde K21870</Ustrd></RmtInf></DrctDbtTxInf><DrctDbtTxInf><PmtId><EndToEndId>FAKHVHSB3NRUADQI0HBTCKNHPGIDNVBS</EndToEndId></PmtId><InstdAmt Ccy="EUR">2.52</InstdAmt><DrctDbtTx><MndtRltdInf><MndtId>K24620001</MndtId><DtOfSgntr>2021-07-09</DtOfSgntr><AmdmntInd>false</AmdmntInd></MndtRltdInf><CdtrSchmeId><Id><PrvtId><Othr><Id>DE36ZZZ00001457522</Id><SchmeNm><Prtry>SEPA</Prtry></SchmeNm></Othr></PrvtId></Id></CdtrSchmeId></DrctDbtTx><DbtrAgt><FinInstnId><BIC>BYLADEM1KSW</BIC></FinInstnId></DbtrAgt><Dbtr><Nm>Mathias Kurrmann</Nm></Dbtr><DbtrAcct><Id><IBAN>DE18793501010000639880</IBAN></Id></DbtrAcct><RmtInf><Ustrd>Rechnung RE5355 Kunde K24620</Ustrd></RmtInf></DrctDbtTxInf><DrctDbtTxInf><PmtId><EndToEndId>FAK9PLLK8PVLOEZR1XUAVUBMFA127RXM</EndToEndId></PmtId><InstdAmt Ccy="EUR">97.84</InstdAmt><DrctDbtTx><MndtRltdInf><MndtId>K24622001</MndtId><DtOfSgntr>2021-07-21</DtOfSgntr><AmdmntInd>false</AmdmntInd></MndtRltdInf><CdtrSchmeId><Id><PrvtId><Othr><Id>DE36ZZZ00001457522</Id><SchmeNm><Prtry>SEPA</Prtry></SchmeNm></Othr></PrvtId></Id></CdtrSchmeId></DrctDbtTx><DbtrAgt><FinInstnId><BIC>GENODEF1MLV</BIC></FinInstnId></DbtrAgt><Dbtr><Nm>Theo und Inge Heimgärtner</Nm></Dbtr><DbtrAcct><Id><IBAN>DE49790691650004145399</IBAN></Id></DbtrAcct><RmtInf><Ustrd>Rechnung RE5356 Kunde K24622</Ustrd></RmtInf></DrctDbtTxInf><DrctDbtTxInf><PmtId><EndToEndId>FAKJYPCYMQNZLT9SGXQQLRUNVBAHEKBK</EndToEndId></PmtId><InstdAmt Ccy="EUR">86.77</InstdAmt><DrctDbtTx><MndtRltdInf><MndtId>K24623001</MndtId><DtOfSgntr>2021-06-27</DtOfSgntr><AmdmntInd>false</AmdmntInd></MndtRltdInf><CdtrSchmeId><Id><PrvtId><Othr><Id>DE36ZZZ00001457522</Id><SchmeNm><Prtry>SEPA</Prtry></SchmeNm></Othr></PrvtId></Id></CdtrSchmeId></DrctDbtTx><DbtrAgt><FinInstnId><BIC>GENODEF1FOH</BIC></FinInstnId></DbtrAgt><Dbtr><Nm>Tanja Müller</Nm></Dbtr><DbtrAcct><Id><IBAN>DE76763910000001412469</IBAN></Id></DbtrAcct><RmtInf><Ustrd>Rechnung RE5357 Kunde K24623</Ustrd></RmtInf></DrctDbtTxInf><DrctDbtTxInf><PmtId><EndToEndId>FAKIRIOQA6UKJTURPPICNV2Z5F2CVBSG</EndToEndId></PmtId><InstdAmt Ccy="EUR">12.74</InstdAmt><DrctDbtTx><MndtRltdInf><MndtId>K24626001</MndtId><DtOfSgntr>2021-06-29</DtOfSgntr><AmdmntInd>false</AmdmntInd></MndtRltdInf><CdtrSchmeId><Id><PrvtId><Othr><Id>DE36ZZZ00001457522</Id><SchmeNm><Prtry>SEPA</Prtry></SchmeNm></Othr></PrvtId></Id></CdtrSchmeId></DrctDbtTx><DbtrAgt><FinInstnId><BIC>SSKNDE77XXX</BIC></FinInstnId></DbtrAgt><Dbtr><Nm>Michael Schreyer</Nm></Dbtr><DbtrAcct><Id><IBAN>DE06760501010011559416</IBAN></Id></DbtrAcct><RmtInf><Ustrd>Rechnung RE5358 Kunde K24626</Ustrd></RmtInf></DrctDbtTxInf><DrctDbtTxInf><PmtId><EndToEndId>FAKI5ETXTWXDRR1NCTLCX0B8ITRWISQS</EndToEndId></PmtId><InstdAmt Ccy="EUR">14.13</InstdAmt><DrctDbtTx><MndtRltdInf><MndtId>K24627001</MndtId><DtOfSgntr>2021-07-20</DtOfSgntr><AmdmntInd>false</AmdmntInd></MndtRltdInf><CdtrSchmeId><Id><PrvtId><Othr><Id>DE36ZZZ00001457522</Id><SchmeNm><Prtry>SEPA</Prtry></SchmeNm></Othr></PrvtId></Id></CdtrSchmeId></DrctDbtTx><DbtrAgt><FinInstnId><BIC>MLPBDE61XXX</BIC></FinInstnId></DbtrAgt><Dbtr><Nm>Axel Stenzenberger</Nm></Dbtr><DbtrAcct><Id><IBAN>DE02672300004014089591</IBAN></Id></DbtrAcct><RmtInf><Ustrd>Rechnung RE5359 Kunde K24627</Ustrd></RmtInf></DrctDbtTxInf><DrctDbtTxInf><PmtId><EndToEndId>FAK3SUSJNSWOFTAXDG5Y2XXK6SJ4TQOA</EndToEndId></PmtId><InstdAmt Ccy="EUR">22.66</InstdAmt><DrctDbtTx><MndtRltdInf><MndtId>K15806001</MndtId><DtOfSgntr>2021-07-19</DtOfSgntr><AmdmntInd>false</AmdmntInd></MndtRltdInf><CdtrSchmeId><Id><PrvtId><Othr><Id>DE36ZZZ00001457522</Id><SchmeNm><Prtry>SEPA</Prtry></SchmeNm></Othr></PrvtId></Id></CdtrSchmeId></DrctDbtTx><DbtrAgt><FinInstnId><BIC>BYLADEM1KSW</BIC></FinInstnId></DbtrAgt><Dbtr><Nm>Peter Hellmuth</Nm></Dbtr><DbtrAcct><Id><IBAN>DE27793501010021348636</IBAN></Id></DbtrAcct><RmtInf><Ustrd>Rechnung RE5360 Kunde K15806</Ustrd></RmtInf></DrctDbtTxInf><DrctDbtTxInf><PmtId><EndToEndId>FAKKXDSZOFQ7AGZAOIDCOT3RK0FJXB9Q</EndToEndId></PmtId><InstdAmt Ccy="EUR">6.89</InstdAmt><DrctDbtTx><MndtRltdInf><MndtId>K18268001</MndtId><DtOfSgntr>2021-02-10</DtOfSgntr><AmdmntInd>false</AmdmntInd></MndtRltdInf><CdtrSchmeId><Id><PrvtId><Othr><Id>DE36ZZZ00001457522</Id><SchmeNm><Prtry>SEPA</Prtry></SchmeNm></Othr></PrvtId></Id></CdtrSchmeId></DrctDbtTx><DbtrAgt><FinInstnId><BIC>GENODEF1MLV</BIC></FinInstnId></DbtrAgt><Dbtr><Nm>Sylvia Werner</Nm></Dbtr><DbtrAcct><Id><IBAN>DE29790691650007202520</IBAN></Id></DbtrAcct><RmtInf><Ustrd>Rechnung RE5361 Kunde K18268</Ustrd></RmtInf></DrctDbtTxInf><DrctDbtTxInf><PmtId><EndToEndId>FAKMEFMKACNIQCJCM23HNIDDFF3OSW2D</EndToEndId></PmtId><InstdAmt Ccy="EUR">119.37</InstdAmt><DrctDbtTx><MndtRltdInf><MndtId>K20748001</MndtId><DtOfSgntr>2021-04-17</DtOfSgntr><AmdmntInd>false</AmdmntInd></MndtRltdInf><CdtrSchmeId><Id><PrvtId><Othr><Id>DE36ZZZ00001457522</Id><SchmeNm><Prtry>SEPA</Prtry></SchmeNm></Othr></PrvtId></Id></CdtrSchmeId></DrctDbtTx><DbtrAgt><FinInstnId><BIC>GENODE61BUC</BIC></FinInstnId></DbtrAgt><Dbtr><Nm>Manuel Bieswanger </Nm></Dbtr><DbtrAcct><Id><IBAN>DE33674614240003027201</IBAN></Id></DbtrAcct><RmtInf><Ustrd>Rechnung RE5362 Kunde K20748</Ustrd></RmtInf></DrctDbtTxInf><DrctDbtTxInf><PmtId><EndToEndId>FAKJEPOQOZQXAQCEZ7SW32DFXZ4FUHVR</EndToEndId></PmtId><InstdAmt Ccy="EUR">32.93</InstdAmt><DrctDbtTx><MndtRltdInf><MndtId>K21317001</MndtId><DtOfSgntr>2021-06-02</DtOfSgntr><AmdmntInd>false</AmdmntInd></MndtRltdInf><CdtrSchmeId><Id><PrvtId><Othr><Id>DE36ZZZ00001457522</Id><SchmeNm><Prtry>SEPA</Prtry></SchmeNm></Othr></PrvtId></Id></CdtrSchmeId></DrctDbtTx><DbtrAgt><FinInstnId><BIC>HELADEF1822</BIC></FinInstnId></DbtrAgt><Dbtr><Nm>Thomas Nöth</Nm></Dbtr><DbtrAcct><Id><IBAN>DE86500502011202542610</IBAN></Id></DbtrAcct><RmtInf><Ustrd>Rechnung RE5363 Kunde K21317</Ustrd></RmtInf></DrctDbtTxInf><DrctDbtTxInf><PmtId><EndToEndId>FAKSIQMIDGF0ENSO03A5CMLTZTPVLP7O</EndToEndId></PmtId><InstdAmt Ccy="EUR">35.17</InstdAmt><DrctDbtTx><MndtRltdInf><MndtId>K22540001</MndtId><DtOfSgntr>2021-06-08</DtOfSgntr><AmdmntInd>false</AmdmntInd></MndtRltdInf><CdtrSchmeId><Id><PrvtId><Othr><Id>DE36ZZZ00001457522</Id><SchmeNm><Prtry>SEPA</Prtry></SchmeNm></Othr></PrvtId></Id></CdtrSchmeId></DrctDbtTx><DbtrAgt><FinInstnId><BIC>PBNKDEFFXXX</BIC></FinInstnId></DbtrAgt><Dbtr><Nm>Ramon Riedel</Nm></Dbtr><DbtrAcct><Id><IBAN>DE46500100600582909601</IBAN></Id></DbtrAcct><RmtInf><Ustrd>Rechnung RE5364 Kunde K22540</Ustrd></RmtInf></DrctDbtTxInf><DrctDbtTxInf><PmtId><EndToEndId>FAKPHTLX0LGFJNGOTQVM5HFNLSVHLDXO</EndToEndId></PmtId><InstdAmt Ccy="EUR">34.24</InstdAmt><DrctDbtTx><MndtRltdInf><MndtId>K23197001</MndtId><DtOfSgntr>2021-07-23</DtOfSgntr><AmdmntInd>false</AmdmntInd></MndtRltdInf><CdtrSchmeId><Id><PrvtId><Othr><Id>DE36ZZZ00001457522</Id><SchmeNm><Prtry>SEPA</Prtry></SchmeNm></Othr></PrvtId></Id></CdtrSchmeId></DrctDbtTx><DbtrAgt><FinInstnId><BIC>CMCIDEDDXXX</BIC></FinInstnId></DbtrAgt><Dbtr><Nm>Klaus Heinz </Nm></Dbtr><DbtrAcct><Id><IBAN>DE58300209003260138476</IBAN></Id></DbtrAcct><RmtInf><Ustrd>Rechnung RE5365 Kunde K23197</Ustrd></RmtInf></DrctDbtTxInf><DrctDbtTxInf><PmtId><EndToEndId>FAKFOTCIFFC6WPWTKIWIV70BFHB7W4QG</EndToEndId></PmtId><InstdAmt Ccy="EUR">33.09</InstdAmt><DrctDbtTx><MndtRltdInf><MndtId>K23210001</MndtId><DtOfSgntr>2021-08-12</DtOfSgntr><AmdmntInd>false</AmdmntInd></MndtRltdInf><CdtrSchmeId><Id><PrvtId><Othr><Id>DE36ZZZ00001457522</Id><SchmeNm><Prtry>SEPA</Prtry></SchmeNm></Othr></PrvtId></Id></CdtrSchmeId></DrctDbtTx><DbtrAgt><FinInstnId><BIC>GENODEF1SES</BIC></FinInstnId></DbtrAgt><Dbtr><Nm>Angelika  Niehoff </Nm></Dbtr><DbtrAcct><Id><IBAN>DE68278937600167389000</IBAN></Id></DbtrAcct><RmtInf><Ustrd>Rechnung RE5366 Kunde K23210</Ustrd></RmtInf></DrctDbtTxInf><DrctDbtTxInf><PmtId><EndToEndId>FAKFHYF0DMLQ9IRPQA7MAERAZG5Q0YFN</EndToEndId></PmtId><InstdAmt Ccy="EUR">31.75</InstdAmt><DrctDbtTx><MndtRltdInf><MndtId>K23996001</MndtId><DtOfSgntr>2021-09-04</DtOfSgntr><AmdmntInd>false</AmdmntInd></MndtRltdInf><CdtrSchmeId><Id><PrvtId><Othr><Id>DE36ZZZ00001457522</Id><SchmeNm><Prtry>SEPA</Prtry></SchmeNm></Othr></PrvtId></Id></CdtrSchmeId></DrctDbtTx><DbtrAgt><FinInstnId><BIC>HELADEF1822</BIC></FinInstnId></DbtrAgt><Dbtr><Nm>Rene Haberhauer</Nm></Dbtr><DbtrAcct><Id><IBAN>DE98500502010323049699</IBAN></Id></DbtrAcct><RmtInf><Ustrd>Rechnung RE5367 Kunde K23996</Ustrd></RmtInf></DrctDbtTxInf><DrctDbtTxInf><PmtId><EndToEndId>FAKGJ8WVOBO4MXJAAZCSXGAIU92TTXMC</EndToEndId></PmtId><InstdAmt Ccy="EUR">101.08</InstdAmt><DrctDbtTx><MndtRltdInf><MndtId>K24629001</MndtId><DtOfSgntr>2021-07-27</DtOfSgntr><AmdmntInd>false</AmdmntInd></MndtRltdInf><CdtrSchmeId><Id><PrvtId><Othr><Id>DE36ZZZ00001457522</Id><SchmeNm><Prtry>SEPA</Prtry></SchmeNm></Othr></PrvtId></Id></CdtrSchmeId></DrctDbtTx><DbtrAgt><FinInstnId><BIC>BYLADEM1SWU</BIC></FinInstnId></DbtrAgt><Dbtr><Nm>Dagmar Kröplin</Nm></Dbtr><DbtrAcct><Id><IBAN>DE08790500000002324408</IBAN></Id></DbtrAcct><RmtInf><Ustrd>Rechnung RE5368 Kunde K24629</Ustrd></RmtInf></DrctDbtTxInf><DrctDbtTxInf><PmtId><EndToEndId>FAK732IUWVYM92AI9D5I9ASDRXME895L</EndToEndId></PmtId><InstdAmt Ccy="EUR">28.32</InstdAmt><DrctDbtTx><MndtRltdInf><MndtId>K24630001</MndtId><DtOfSgntr>2021-07-16</DtOfSgntr><AmdmntInd>false</AmdmntInd></MndtRltdInf><CdtrSchmeId><Id><PrvtId><Othr><Id>DE36ZZZ00001457522</Id><SchmeNm><Prtry>SEPA</Prtry></SchmeNm></Othr></PrvtId></Id></CdtrSchmeId></DrctDbtTx><DbtrAgt><FinInstnId><BIC>COBADEFFXXX</BIC></FinInstnId></DbtrAgt><Dbtr><Nm>Claudia Rattke</Nm></Dbtr><DbtrAcct><Id><IBAN>DE83270400800734401300</IBAN></Id></DbtrAcct><RmtInf><Ustrd>Rechnung RE5369 Kunde K24630</Ustrd></RmtInf></DrctDbtTxInf><DrctDbtTxInf><PmtId><EndToEndId>FAKESP8AYRO0OXZ4QC2ZSV4HEP4CD3GC</EndToEndId></PmtId><InstdAmt Ccy="EUR">12.08</InstdAmt><DrctDbtTx><MndtRltdInf><MndtId>K24631001</MndtId><DtOfSgntr>2021-07-20</DtOfSgntr><AmdmntInd>false</AmdmntInd></MndtRltdInf><CdtrSchmeId><Id><PrvtId><Othr><Id>DE36ZZZ00001457522</Id><SchmeNm><Prtry>SEPA</Prtry></SchmeNm></Othr></PrvtId></Id></CdtrSchmeId></DrctDbtTx><DbtrAgt><FinInstnId><BIC>BYLADEM1FFB</BIC></FinInstnId></DbtrAgt><Dbtr><Nm>Peter Landmann</Nm></Dbtr><DbtrAcct><Id><IBAN>DE44700530700004931986</IBAN></Id></DbtrAcct><RmtInf><Ustrd>Rechnung RE5370 Kunde K24631</Ustrd></RmtInf></DrctDbtTxInf><DrctDbtTxInf><PmtId><EndToEndId>FAK3AKTLDS5NSMXLVJT4KMMFSHKNM6VS</EndToEndId></PmtId><InstdAmt Ccy="EUR">25.76</InstdAmt><DrctDbtTx><MndtRltdInf><MndtId>K24635001</MndtId><DtOfSgntr>2021-07-12</DtOfSgntr><AmdmntInd>false</AmdmntInd></MndtRltdInf><CdtrSchmeId><Id><PrvtId><Othr><Id>DE36ZZZ00001457522</Id><SchmeNm><Prtry>SEPA</Prtry></SchmeNm></Othr></PrvtId></Id></CdtrSchmeId></DrctDbtTx><DbtrAgt><FinInstnId><BIC>MLPBDE61XXX</BIC></FinInstnId></DbtrAgt><Dbtr><Nm>Alexander Dibowski</Nm></Dbtr><DbtrAcct><Id><IBAN>DE46672300004012125907</IBAN></Id></DbtrAcct><RmtInf><Ustrd>Rechnung RE5371 Kunde K24635</Ustrd></RmtInf></DrctDbtTxInf><DrctDbtTxInf><PmtId><EndToEndId>FAKAJEKF95XVFTFO2VA8URA3O6D5AUXN</EndToEndId></PmtId><InstdAmt Ccy="EUR">19.99</InstdAmt><DrctDbtTx><MndtRltdInf><MndtId>K19230001</MndtId><DtOfSgntr>2021-05-28</DtOfSgntr><AmdmntInd>false</AmdmntInd></MndtRltdInf><CdtrSchmeId><Id><PrvtId><Othr><Id>DE36ZZZ00001457522</Id><SchmeNm><Prtry>SEPA</Prtry></SchmeNm></Othr></PrvtId></Id></CdtrSchmeId></DrctDbtTx><DbtrAgt><FinInstnId><BIC>GENODE51BUT</BIC></FinInstnId></DbtrAgt><Dbtr><Nm>Philipp Müller</Nm></Dbtr><DbtrAcct><Id><IBAN>DE26518614030100147605</IBAN></Id></DbtrAcct><RmtInf><Ustrd>Rechnung RE5372 Kunde K19230</Ustrd></RmtInf></DrctDbtTxInf><DrctDbtTxInf><PmtId><EndToEndId>FAKDULD5CA7RTQMXQIDAPAJ42BM2M7S1</EndToEndId></PmtId><InstdAmt Ccy="EUR">19.99</InstdAmt><DrctDbtTx><MndtRltdInf><MndtId>K19298001</MndtId><DtOfSgntr>2021-07-09</DtOfSgntr><AmdmntInd>false</AmdmntInd></MndtRltdInf><CdtrSchmeId><Id><PrvtId><Othr><Id>DE36ZZZ00001457522</Id><SchmeNm><Prtry>SEPA</Prtry></SchmeNm></Othr></PrvtId></Id></CdtrSchmeId></DrctDbtTx><DbtrAgt><FinInstnId><BIC>GENODEM1DLB</BIC></FinInstnId></DbtrAgt><Dbtr><Nm>Reinhild Berkemeier</Nm></Dbtr><DbtrAcct><Id><IBAN>DE60472627030107595200</IBAN></Id></DbtrAcct><RmtInf><Ustrd>Rechnung RE5373 Kunde K19298</Ustrd></RmtInf></DrctDbtTxInf><DrctDbtTxInf><PmtId><EndToEndId>FAKG7XZTHJC8QXHEU35H9XMGJZC9EWHM</EndToEndId></PmtId><InstdAmt Ccy="EUR">18.57</InstdAmt><DrctDbtTx><MndtRltdInf><MndtId>K21547001</MndtId><DtOfSgntr>2021-05-07</DtOfSgntr><AmdmntInd>false</AmdmntInd></MndtRltdInf><CdtrSchmeId><Id><PrvtId><Othr><Id>DE36ZZZ00001457522</Id><SchmeNm><Prtry>SEPA</Prtry></SchmeNm></Othr></PrvtId></Id></CdtrSchmeId></DrctDbtTx><DbtrAgt><FinInstnId><BIC>GENODEF1BRK</BIC></FinInstnId></DbtrAgt><Dbtr><Nm>Doris Peter</Nm></Dbtr><DbtrAcct><Id><IBAN>DE62790650280306440410</IBAN></Id></DbtrAcct><RmtInf><Ustrd>Rechnung RE5374 Kunde K21547</Ustrd></RmtInf></DrctDbtTxInf><DrctDbtTxInf><PmtId><EndToEndId>FAKRA9YINSVKWYWVKEQVNN1M1TGMWPFY</EndToEndId></PmtId><InstdAmt Ccy="EUR">7.61</InstdAmt><DrctDbtTx><MndtRltdInf><MndtId>K22507001</MndtId><DtOfSgntr>2021-06-03</DtOfSgntr><AmdmntInd>false</AmdmntInd></MndtRltdInf><CdtrSchmeId><Id><PrvtId><Othr><Id>DE36ZZZ00001457522</Id><SchmeNm><Prtry>SEPA</Prtry></SchmeNm></Othr></PrvtId></Id></CdtrSchmeId></DrctDbtTx><DbtrAgt><FinInstnId><BIC>GENODEM1KWK</BIC></FinInstnId></DbtrAgt><Dbtr><Nm>Volker Lübbring</Nm></Dbtr><DbtrAcct><Id><IBAN>DE17443613425008080300</IBAN></Id></DbtrAcct><RmtInf><Ustrd>Rechnung RE5376 Kunde K22507</Ustrd></RmtInf></DrctDbtTxInf><DrctDbtTxInf><PmtId><EndToEndId>FAKCTHM3PJOMZQTIQT2ADLDFCXYGLKM4</EndToEndId></PmtId><InstdAmt Ccy="EUR">23.94</InstdAmt><DrctDbtTx><MndtRltdInf><MndtId>K22559001</MndtId><DtOfSgntr>2021-05-20</DtOfSgntr><AmdmntInd>false</AmdmntInd></MndtRltdInf><CdtrSchmeId><Id><PrvtId><Othr><Id>DE36ZZZ00001457522</Id><SchmeNm><Prtry>SEPA</Prtry></SchmeNm></Othr></PrvtId></Id></CdtrSchmeId></DrctDbtTx><DbtrAgt><FinInstnId><BIC>SPKHDE2HXXX</BIC></FinInstnId></DbtrAgt><Dbtr><Nm>Udo Hammerich</Nm></Dbtr><DbtrAcct><Id><IBAN>DE12250501802048806919</IBAN></Id></DbtrAcct><RmtInf><Ustrd>Rechnung RE5377 Kunde K22559</Ustrd></RmtInf></DrctDbtTxInf><DrctDbtTxInf><PmtId><EndToEndId>FAKSRPQTB6ZETEROXH6HPSVMVMZW1ZID</EndToEndId></PmtId><InstdAmt Ccy="EUR">17.98</InstdAmt><DrctDbtTx><MndtRltdInf><MndtId>K22697001</MndtId><DtOfSgntr>2021-05-21</DtOfSgntr><AmdmntInd>false</AmdmntInd></MndtRltdInf><CdtrSchmeId><Id><PrvtId><Othr><Id>DE36ZZZ00001457522</Id><SchmeNm><Prtry>SEPA</Prtry></SchmeNm></Othr></PrvtId></Id></CdtrSchmeId></DrctDbtTx><DbtrAgt><FinInstnId><BIC>GENODEF1S10</BIC></FinInstnId></DbtrAgt><Dbtr><Nm>Heiko Schulz</Nm></Dbtr><DbtrAcct><Id><IBAN>DE25120965970003729548</IBAN></Id></DbtrAcct><RmtInf><Ustrd>Rechnung RE5378 Kunde K22697</Ustrd></RmtInf></DrctDbtTxInf><DrctDbtTxInf><PmtId><EndToEndId>FAKY1I5SSQTWOZS0XPW8CCGZZ04BJE3Z</EndToEndId></PmtId><InstdAmt Ccy="EUR">3.15</InstdAmt><DrctDbtTx><MndtRltdInf><MndtId>K22839001</MndtId><DtOfSgntr>2021-06-16</DtOfSgntr><AmdmntInd>false</AmdmntInd></MndtRltdInf><CdtrSchmeId><Id><PrvtId><Othr><Id>DE36ZZZ00001457522</Id><SchmeNm><Prtry>SEPA</Prtry></SchmeNm></Othr></PrvtId></Id></CdtrSchmeId></DrctDbtTx><DbtrAgt><FinInstnId><BIC>HELADEF1WEM</BIC></FinInstnId></DbtrAgt><Dbtr><Nm>Liselotte Schmitt</Nm></Dbtr><DbtrAcct><Id><IBAN>DE23820510001130702045</IBAN></Id></DbtrAcct><RmtInf><Ustrd>Rechnung RE5379 Kunde K22839</Ustrd></RmtInf></DrctDbtTxInf><DrctDbtTxInf><PmtId><EndToEndId>FAK14V1LO11QJIPDODLJNKP43V1J9QOD</EndToEndId></PmtId><InstdAmt Ccy="EUR">22.02</InstdAmt><DrctDbtTx><MndtRltdInf><MndtId>K23986001</MndtId><DtOfSgntr>2021-08-10</DtOfSgntr><AmdmntInd>false</AmdmntInd></MndtRltdInf><CdtrSchmeId><Id><PrvtId><Othr><Id>DE36ZZZ00001457522</Id><SchmeNm><Prtry>SEPA</Prtry></SchmeNm></Othr></PrvtId></Id></CdtrSchmeId></DrctDbtTx><DbtrAgt><FinInstnId><BIC>COBADEHD001</BIC></FinInstnId></DbtrAgt><Dbtr><Nm>Karsten Jack</Nm></Dbtr><DbtrAcct><Id><IBAN>DE27200411330673291100</IBAN></Id></DbtrAcct><RmtInf><Ustrd>Rechnung RE5380 Kunde K23986</Ustrd></RmtInf></DrctDbtTxInf><DrctDbtTxInf><PmtId><EndToEndId>FAKART8NCUZ5ZPSISEJMSDK1MX4TODOY</EndToEndId></PmtId><InstdAmt Ccy="EUR">8.45</InstdAmt><DrctDbtTx><MndtRltdInf><MndtId>K24639001</MndtId><DtOfSgntr>2021-07-22</DtOfSgntr><AmdmntInd>false</AmdmntInd></MndtRltdInf><CdtrSchmeId><Id><PrvtId><Othr><Id>DE36ZZZ00001457522</Id><SchmeNm><Prtry>SEPA</Prtry></SchmeNm></Othr></PrvtId></Id></CdtrSchmeId></DrctDbtTx><DbtrAgt><FinInstnId><BIC>HELADEF1WAK</BIC></FinInstnId></DbtrAgt><Dbtr><Nm>Frank Seyfarth</Nm></Dbtr><DbtrAcct><Id><IBAN>DE03840550501140016233</IBAN></Id></DbtrAcct><RmtInf><Ustrd>Rechnung RE5381 Kunde K24639</Ustrd></RmtInf></DrctDbtTxInf><DrctDbtTxInf><PmtId><EndToEndId>FAKRK17UX3GSNLOWNNJ8PIWUBMVU3QLS</EndToEndId></PmtId><InstdAmt Ccy="EUR">25.33</InstdAmt><DrctDbtTx><MndtRltdInf><MndtId>K24643001</MndtId><DtOfSgntr>2021-08-03</DtOfSgntr><AmdmntInd>false</AmdmntInd></MndtRltdInf><CdtrSchmeId><Id><PrvtId><Othr><Id>DE36ZZZ00001457522</Id><SchmeNm><Prtry>SEPA</Prtry></SchmeNm></Othr></PrvtId></Id></CdtrSchmeId></DrctDbtTx><DbtrAgt><FinInstnId><BIC>INGDDEFFXXX</BIC></FinInstnId></DbtrAgt><Dbtr><Nm>Sascha Dechant</Nm></Dbtr><DbtrAcct><Id><IBAN>DE81500105175429400980</IBAN></Id></DbtrAcct><RmtInf><Ustrd>Rechnung RE5382 Kunde K24643</Ustrd></RmtInf></DrctDbtTxInf><DrctDbtTxInf><PmtId><EndToEndId>FAKIYBZAICQCISBPHBRQNV1E8EGEVYQZ</EndToEndId></PmtId><InstdAmt Ccy="EUR">26.89</InstdAmt><DrctDbtTx><MndtRltdInf><MndtId>K24645001</MndtId><DtOfSgntr>2021-08-01</DtOfSgntr><AmdmntInd>false</AmdmntInd></MndtRltdInf><CdtrSchmeId><Id><PrvtId><Othr><Id>DE36ZZZ00001457522</Id><SchmeNm><Prtry>SEPA</Prtry></SchmeNm></Othr></PrvtId></Id></CdtrSchmeId></DrctDbtTx><DbtrAgt><FinInstnId><BIC>HELADEF1HIL</BIC></FinInstnId></DbtrAgt><Dbtr><Nm>Bernd Ebert</Nm></Dbtr><DbtrAcct><Id><IBAN>DE50840540401520307302</IBAN></Id></DbtrAcct><RmtInf><Ustrd>Rechnung RE5383 Kunde K24645</Ustrd></RmtInf></DrctDbtTxInf><DrctDbtTxInf><PmtId><EndToEndId>FAKJSK1PUFQZ1ASRT4BKVLOD7UTZ4C9H</EndToEndId></PmtId><InstdAmt Ccy="EUR">4.32</InstdAmt><DrctDbtTx><MndtRltdInf><MndtId>K24649001</MndtId><DtOfSgntr>2021-07-17</DtOfSgntr><AmdmntInd>false</AmdmntInd></MndtRltdInf><CdtrSchmeId><Id><PrvtId><Othr><Id>DE36ZZZ00001457522</Id><SchmeNm><Prtry>SEPA</Prtry></SchmeNm></Othr></PrvtId></Id></CdtrSchmeId></DrctDbtTx><DbtrAgt><FinInstnId><BIC>GENODE61AZY</BIC></FinInstnId></DbtrAgt><Dbtr><Nm>Jan Busch</Nm></Dbtr><DbtrAcct><Id><IBAN>DE05550912000015576405</IBAN></Id></DbtrAcct><RmtInf><Ustrd>Rechnung RE5384 Kunde K24649</Ustrd></RmtInf></DrctDbtTxInf><DrctDbtTxInf><PmtId><EndToEndId>FAKZSMU5XIHEQ8GVNW4XGNRXXSDDSJHS</EndToEndId></PmtId><InstdAmt Ccy="EUR">41.97</InstdAmt><DrctDbtTx><MndtRltdInf><MndtId>K24651001</MndtId><DtOfSgntr>2021-07-13</DtOfSgntr><AmdmntInd>false</AmdmntInd></MndtRltdInf><CdtrSchmeId><Id><PrvtId><Othr><Id>DE36ZZZ00001457522</Id><SchmeNm><Prtry>SEPA</Prtry></SchmeNm></Othr></PrvtId></Id></CdtrSchmeId></DrctDbtTx><DbtrAgt><FinInstnId><BIC>INGDDEFFXXX</BIC></FinInstnId></DbtrAgt><Dbtr><Nm>Peter Hübner</Nm></Dbtr><DbtrAcct><Id><IBAN>DE16500105175400810527</IBAN></Id></DbtrAcct><RmtInf><Ustrd>Rechnung RE5385 Kunde K24651</Ustrd></RmtInf></DrctDbtTxInf><DrctDbtTxInf><PmtId><EndToEndId>FAKQKAADTITSQA0JN8YDTG6TIYTIMP4Q</EndToEndId></PmtId><InstdAmt Ccy="EUR">8.62</InstdAmt><DrctDbtTx><MndtRltdInf><MndtId>K16886001</MndtId><DtOfSgntr>2020-12-02</DtOfSgntr><AmdmntInd>false</AmdmntInd></MndtRltdInf><CdtrSchmeId><Id><PrvtId><Othr><Id>DE36ZZZ00001457522</Id><SchmeNm><Prtry>SEPA</Prtry></SchmeNm></Othr></PrvtId></Id></CdtrSchmeId></DrctDbtTx><DbtrAgt><FinInstnId><BIC>GENODEF1BRK</BIC></FinInstnId></DbtrAgt><Dbtr><Nm>Markus Ledermann</Nm></Dbtr><DbtrAcct><Id><IBAN>DE07790650280006544754</IBAN></Id></DbtrAcct><RmtInf><Ustrd>Rechnung RE5387 Kunde K16886</Ustrd></RmtInf></DrctDbtTxInf><DrctDbtTxInf><PmtId><EndToEndId>FAKYVAYLW8PSYB2YZ6H8BX19X72ZQMXK</EndToEndId></PmtId><InstdAmt Ccy="EUR">47.38</InstdAmt><DrctDbtTx><MndtRltdInf><MndtId>K21481001</MndtId><DtOfSgntr>2021-07-12</DtOfSgntr><AmdmntInd>false</AmdmntInd></MndtRltdInf><CdtrSchmeId><Id><PrvtId><Othr><Id>DE36ZZZ00001457522</Id><SchmeNm><Prtry>SEPA</Prtry></SchmeNm></Othr></PrvtId></Id></CdtrSchmeId></DrctDbtTx><DbtrAgt><FinInstnId><BIC>DAAEDEDDXXX</BIC></FinInstnId></DbtrAgt><Dbtr><Nm>Torsten Wickenhöfer</Nm></Dbtr><DbtrAcct><Id><IBAN>DE94300606010105696844</IBAN></Id></DbtrAcct><RmtInf><Ustrd>Rechnung RE5389 Kunde K21481</Ustrd></RmtInf></DrctDbtTxInf><DrctDbtTxInf><PmtId><EndToEndId>FAKBKOPTR4H8WLTJWA8PH0PUVR1NPBX3</EndToEndId></PmtId><InstdAmt Ccy="EUR">40.01</InstdAmt><DrctDbtTx><MndtRltdInf><MndtId>K21858001</MndtId><DtOfSgntr>2021-05-20</DtOfSgntr><AmdmntInd>false</AmdmntInd></MndtRltdInf><CdtrSchmeId><Id><PrvtId><Othr><Id>DE36ZZZ00001457522</Id><SchmeNm><Prtry>SEPA</Prtry></SchmeNm></Othr></PrvtId></Id></CdtrSchmeId></DrctDbtTx><DbtrAgt><FinInstnId><BIC>GENODEF1MLV</BIC></FinInstnId></DbtrAgt><Dbtr><Nm>Juri Eckstedt</Nm></Dbtr><DbtrAcct><Id><IBAN>DE70790691650005803527</IBAN></Id></DbtrAcct><RmtInf><Ustrd>Rechnung RE5390 Kunde K21858</Ustrd></RmtInf></DrctDbtTxInf><DrctDbtTxInf><PmtId><EndToEndId>FAK7S5TFF0CIEPLE1SQTRYJBLQY5YNKS</EndToEndId></PmtId><InstdAmt Ccy="EUR">67.62</InstdAmt><DrctDbtTx><MndtRltdInf><MndtId>K22068001</MndtId><DtOfSgntr>2021-05-28</DtOfSgntr><AmdmntInd>false</AmdmntInd></MndtRltdInf><CdtrSchmeId><Id><PrvtId><Othr><Id>DE36ZZZ00001457522</Id><SchmeNm><Prtry>SEPA</Prtry></SchmeNm></Othr></PrvtId></Id></CdtrSchmeId></DrctDbtTx><DbtrAgt><FinInstnId><BIC>NOLADE21SHG</BIC></FinInstnId></DbtrAgt><Dbtr><Nm>Sonja Weißenborn</Nm></Dbtr><DbtrAcct><Id><IBAN>DE23255514800471086975</IBAN></Id></DbtrAcct><RmtInf><Ustrd>Rechnung RE5391 Kunde K22068</Ustrd></RmtInf></DrctDbtTxInf><DrctDbtTxInf><PmtId><EndToEndId>FAKMLK1NJA6QXFHTP77FTD0BUTXVO3UU</EndToEndId></PmtId><InstdAmt Ccy="EUR">127.77</InstdAmt><DrctDbtTx><MndtRltdInf><MndtId>K23249001</MndtId><DtOfSgntr>2021-08-19</DtOfSgntr><AmdmntInd>false</AmdmntInd></MndtRltdInf><CdtrSchmeId><Id><PrvtId><Othr><Id>DE36ZZZ00001457522</Id><SchmeNm><Prtry>SEPA</Prtry></SchmeNm></Othr></PrvtId></Id></CdtrSchmeId></DrctDbtTx><DbtrAgt><FinInstnId><BIC>BYLADEM1SKB</BIC></FinInstnId></DbtrAgt><Dbtr><Nm>Alex Saibel</Nm></Dbtr><DbtrAcct><Id><IBAN>DE49770500000300057825</IBAN></Id></DbtrAcct><RmtInf><Ustrd>Rechnung RE5392 Kunde K23249</Ustrd></RmtInf></DrctDbtTxInf><DrctDbtTxInf><PmtId><EndToEndId>FAKTBDQZPXXIZMLRGCNLK7CNNQCEPLRD</EndToEndId></PmtId><InstdAmt Ccy="EUR">2.61</InstdAmt><DrctDbtTx><MndtRltdInf><MndtId>K24657001</MndtId><DtOfSgntr>2021-07-01</DtOfSgntr><AmdmntInd>false</AmdmntInd></MndtRltdInf><CdtrSchmeId><Id><PrvtId><Othr><Id>DE36ZZZ00001457522</Id><SchmeNm><Prtry>SEPA</Prtry></SchmeNm></Othr></PrvtId></Id></CdtrSchmeId></DrctDbtTx><DbtrAgt><FinInstnId><BIC>WELADEDNXXX</BIC></FinInstnId></DbtrAgt><Dbtr><Nm>Ferdinand Berger</Nm></Dbtr><DbtrAcct><Id><IBAN>DE06305500000000261933</IBAN></Id></DbtrAcct><RmtInf><Ustrd>Rechnung RE5393 Kunde K24657</Ustrd></RmtInf></DrctDbtTxInf><DrctDbtTxInf><PmtId><EndToEndId>FAKMNGADYFSUCUCMCK9SDHGGT7KX6E5R</EndToEndId></PmtId><InstdAmt Ccy="EUR">3.53</InstdAmt><DrctDbtTx><MndtRltdInf><MndtId>K24658001</MndtId><DtOfSgntr>2021-07-17</DtOfSgntr><AmdmntInd>false</AmdmntInd></MndtRltdInf><CdtrSchmeId><Id><PrvtId><Othr><Id>DE36ZZZ00001457522</Id><SchmeNm><Prtry>SEPA</Prtry></SchmeNm></Othr></PrvtId></Id></CdtrSchmeId></DrctDbtTx><DbtrAgt><FinInstnId><BIC>CMCIDEDDXXX</BIC></FinInstnId></DbtrAgt><Dbtr><Nm>Enrico  Mengel</Nm></Dbtr><DbtrAcct><Id><IBAN>DE15300209003730171180</IBAN></Id></DbtrAcct><RmtInf><Ustrd>Rechnung RE5394 Kunde K24658</Ustrd></RmtInf></DrctDbtTxInf><DrctDbtTxInf><PmtId><EndToEndId>FAKLEY7FBU10LYLW1PK3FXOBJMC3JNIQ</EndToEndId></PmtId><InstdAmt Ccy="EUR">3.67</InstdAmt><DrctDbtTx><MndtRltdInf><MndtId>K24661001</MndtId><DtOfSgntr>2021-07-19</DtOfSgntr><AmdmntInd>false</AmdmntInd></MndtRltdInf><CdtrSchmeId><Id><PrvtId><Othr><Id>DE36ZZZ00001457522</Id><SchmeNm><Prtry>SEPA</Prtry></SchmeNm></Othr></PrvtId></Id></CdtrSchmeId></DrctDbtTx><DbtrAgt><FinInstnId><BIC>GENODEF1COS</BIC></FinInstnId></DbtrAgt><Dbtr><Nm>Pia u. Christian Becker</Nm></Dbtr><DbtrAcct><Id><IBAN>DE22783600000006510841</IBAN></Id></DbtrAcct><RmtInf><Ustrd>Rechnung RE5395 Kunde K24661</Ustrd></RmtInf></DrctDbtTxInf><DrctDbtTxInf><PmtId><EndToEndId>FAKLITAUNPMR0WAT9ZNUQ3EHVI5A4Z4W</EndToEndId></PmtId><InstdAmt Ccy="EUR">31.09</InstdAmt><DrctDbtTx><MndtRltdInf><MndtId>K24665001</MndtId><DtOfSgntr>2021-07-22</DtOfSgntr><AmdmntInd>false</AmdmntInd></MndtRltdInf><CdtrSchmeId><Id><PrvtId><Othr><Id>DE36ZZZ00001457522</Id><SchmeNm><Prtry>SEPA</Prtry></SchmeNm></Othr></PrvtId></Id></CdtrSchmeId></DrctDbtTx><DbtrAgt><FinInstnId><BIC>WELADED1ZWI</BIC></FinInstnId></DbtrAgt><Dbtr><Nm>Nadja und Matthias Strauß</Nm></Dbtr><DbtrAcct><Id><IBAN>DE69870550002600289065</IBAN></Id></DbtrAcct><RmtInf><Ustrd>Rechnung RE5397 Kunde K24665</Ustrd></RmtInf></DrctDbtTxInf><DrctDbtTxInf><PmtId><EndToEndId>FAKHJMQ36LUZCRNL8TXZZ6OHLZF1GOFV</EndToEndId></PmtId><InstdAmt Ccy="EUR">10.66</InstdAmt><DrctDbtTx><MndtRltdInf><MndtId>K16939001</MndtId><DtOfSgntr>2020-12-23</DtOfSgntr><AmdmntInd>false</AmdmntInd></MndtRltdInf><CdtrSchmeId><Id><PrvtId><Othr><Id>DE36ZZZ00001457522</Id><SchmeNm><Prtry>SEPA</Prtry></SchmeNm></Othr></PrvtId></Id></CdtrSchmeId></DrctDbtTx><DbtrAgt><FinInstnId><BIC>GENODEF1S12</BIC></FinInstnId></DbtrAgt><Dbtr><Nm>Birgit Weiershausen</Nm></Dbtr><DbtrAcct><Id><IBAN>DE58500905000005808696</IBAN></Id></DbtrAcct><RmtInf><Ustrd>Rechnung RE5399 Kunde K16939</Ustrd></RmtInf></DrctDbtTxInf><DrctDbtTxInf><PmtId><EndToEndId>FAKBESVL3HXOADLTKPAZJ4MUFPQVQXLB</EndToEndId></PmtId><InstdAmt Ccy="EUR">47.99</InstdAmt><DrctDbtTx><MndtRltdInf><MndtId>K17003001</MndtId><DtOfSgntr>2020-12-10</DtOfSgntr><AmdmntInd>false</AmdmntInd></MndtRltdInf><CdtrSchmeId><Id><PrvtId><Othr><Id>DE36ZZZ00001457522</Id><SchmeNm><Prtry>SEPA</Prtry></SchmeNm></Othr></PrvtId></Id></CdtrSchmeId></DrctDbtTx><DbtrAgt><FinInstnId><BIC>INGDDEFFXXX</BIC></FinInstnId></DbtrAgt><Dbtr><Nm>Mirjam Gegner</Nm></Dbtr><DbtrAcct><Id><IBAN>DE52500105175433324958</IBAN></Id></DbtrAcct><RmtInf><Ustrd>Rechnung RE5400 Kunde K17003</Ustrd></RmtInf></DrctDbtTxInf><DrctDbtTxInf><PmtId><EndToEndId>FAKRSPNCS1HK0T59Y0TVSBXZOX89OOWK</EndToEndId></PmtId><InstdAmt Ccy="EUR">19.99</InstdAmt><DrctDbtTx><MndtRltdInf><MndtId>K17290001</MndtId><DtOfSgntr>2021-03-19</DtOfSgntr><AmdmntInd>false</AmdmntInd></MndtRltdInf><CdtrSchmeId><Id><PrvtId><Othr><Id>DE36ZZZ00001457522</Id><SchmeNm><Prtry>SEPA</Prtry></SchmeNm></Othr></PrvtId></Id></CdtrSchmeId></DrctDbtTx><DbtrAgt><FinInstnId><BIC>HELADEF1MAR</BIC></FinInstnId></DbtrAgt><Dbtr><Nm>Martin Kabsa</Nm></Dbtr><DbtrAcct><Id><IBAN>DE27533500001064345563</IBAN></Id></DbtrAcct><RmtInf><Ustrd>Rechnung RE5401 Kunde K17290</Ustrd></RmtInf></DrctDbtTxInf><DrctDbtTxInf><PmtId><EndToEndId>FAK5ELZCICPR9PTC9BIMIQ3GAUPNLDHR</EndToEndId></PmtId><InstdAmt Ccy="EUR">10.6</InstdAmt><DrctDbtTx><MndtRltdInf><MndtId>K18193001</MndtId><DtOfSgntr>2020-10-09</DtOfSgntr><AmdmntInd>false</AmdmntInd></MndtRltdInf><CdtrSchmeId><Id><PrvtId><Othr><Id>DE36ZZZ00001457522</Id><SchmeNm><Prtry>SEPA</Prtry></SchmeNm></Othr></PrvtId></Id></CdtrSchmeId></DrctDbtTx><DbtrAgt><FinInstnId><BIC>DEUTDEDBERF</BIC></FinInstnId></DbtrAgt><Dbtr><Nm>Elke Malsch</Nm></Dbtr><DbtrAcct><Id><IBAN>DE87820700240246758705</IBAN></Id></DbtrAcct><RmtInf><Ustrd>Rechnung RE5402 Kunde K18193</Ustrd></RmtInf></DrctDbtTxInf><DrctDbtTxInf><PmtId><EndToEndId>FAKWYRXE7OHNTUMY4UYXWJVS60GNAMVD</EndToEndId></PmtId><InstdAmt Ccy="EUR">4.91</InstdAmt><DrctDbtTx><MndtRltdInf><MndtId>K18218001</MndtId><DtOfSgntr>2020-11-02</DtOfSgntr><AmdmntInd>false</AmdmntInd></MndtRltdInf><CdtrSchmeId><Id><PrvtId><Othr><Id>DE36ZZZ00001457522</Id><SchmeNm><Prtry>SEPA</Prtry></SchmeNm></Othr></PrvtId></Id></CdtrSchmeId></DrctDbtTx><DbtrAgt><FinInstnId><BIC>BYLADEM1001</BIC></FinInstnId></DbtrAgt><Dbtr><Nm>Susanne Wähler</Nm></Dbtr><DbtrAcct><Id><IBAN>DE89120300000001003839</IBAN></Id></DbtrAcct><RmtInf><Ustrd>Rechnung RE5403 Kunde K18218</Ustrd></RmtInf></DrctDbtTxInf><DrctDbtTxInf><PmtId><EndToEndId>FAKACSSAMQRU0LTRSWJYUTSVCFRAQYQK</EndToEndId></PmtId><InstdAmt Ccy="EUR">0.38</InstdAmt><DrctDbtTx><MndtRltdInf><MndtId>K18427001</MndtId><DtOfSgntr>2021-02-10</DtOfSgntr><AmdmntInd>false</AmdmntInd></MndtRltdInf><CdtrSchmeId><Id><PrvtId><Othr><Id>DE36ZZZ00001457522</Id><SchmeNm><Prtry>SEPA</Prtry></SchmeNm></Othr></PrvtId></Id></CdtrSchmeId></DrctDbtTx><DbtrAgt><FinInstnId><BIC>GENODEF1S10</BIC></FinInstnId></DbtrAgt><Dbtr><Nm>Holger Heinze</Nm></Dbtr><DbtrAcct><Id><IBAN>DE18120965970002027518</IBAN></Id></DbtrAcct><RmtInf><Ustrd>Rechnung RE5404 Kunde K18427</Ustrd></RmtInf></DrctDbtTxInf><DrctDbtTxInf><PmtId><EndToEndId>FAKGBCTFFGVCPZW9T3XGLS7VXC0HH1CT</EndToEndId></PmtId><InstdAmt Ccy="EUR">21.29</InstdAmt><DrctDbtTx><MndtRltdInf><MndtId>K18791001</MndtId><DtOfSgntr>2021-02-25</DtOfSgntr><AmdmntInd>false</AmdmntInd></MndtRltdInf><CdtrSchmeId><Id><PrvtId><Othr><Id>DE36ZZZ00001457522</Id><SchmeNm><Prtry>SEPA</Prtry></SchmeNm></Othr></PrvtId></Id></CdtrSchmeId></DrctDbtTx><DbtrAgt><FinInstnId><BIC>GENODEF1MLV</BIC></FinInstnId></DbtrAgt><Dbtr><Nm>Michael Zinßler</Nm></Dbtr><DbtrAcct><Id><IBAN>DE42790691650002129477</IBAN></Id></DbtrAcct><RmtInf><Ustrd>Rechnung RE5405 Kunde K18791</Ustrd></RmtInf></DrctDbtTxInf><DrctDbtTxInf><PmtId><EndToEndId>FAKVD2UVZYKKKGTZEXL97EPNCIVPWEE6</EndToEndId></PmtId><InstdAmt Ccy="EUR">12.14</InstdAmt><DrctDbtTx><MndtRltdInf><MndtId>K19190001</MndtId><DtOfSgntr>2021-02-02</DtOfSgntr><AmdmntInd>false</AmdmntInd></MndtRltdInf><CdtrSchmeId><Id><PrvtId><Othr><Id>DE36ZZZ00001457522</Id><SchmeNm><Prtry>SEPA</Prtry></SchmeNm></Othr></PrvtId></Id></CdtrSchmeId></DrctDbtTx><DbtrAgt><FinInstnId><BIC>INGDDEFFXXX</BIC></FinInstnId></DbtrAgt><Dbtr><Nm>Gerald Link</Nm></Dbtr><DbtrAcct><Id><IBAN>DE10500105175424742087</IBAN></Id></DbtrAcct><RmtInf><Ustrd>Rechnung RE5406 Kunde K19190</Ustrd></RmtInf></DrctDbtTxInf><DrctDbtTxInf><PmtId><EndToEndId>FAK9NMX5R3UVNJD6YIQIOVF0IDPLRJV2</EndToEndId></PmtId><InstdAmt Ccy="EUR">24.07</InstdAmt><DrctDbtTx><MndtRltdInf><MndtId>K20133001</MndtId><DtOfSgntr>2021-02-28</DtOfSgntr><AmdmntInd>false</AmdmntInd></MndtRltdInf><CdtrSchmeId><Id><PrvtId><Othr><Id>DE36ZZZ00001457522</Id><SchmeNm><Prtry>SEPA</Prtry></SchmeNm></Othr></PrvtId></Id></CdtrSchmeId></DrctDbtTx><DbtrAgt><FinInstnId><BIC>HELADEF1KYF</BIC></FinInstnId></DbtrAgt><Dbtr><Nm>Marian Müller</Nm></Dbtr><DbtrAcct><Id><IBAN>DE28820550004200105972</IBAN></Id></DbtrAcct><RmtInf><Ustrd>Rechnung RE5407 Kunde K20133</Ustrd></RmtInf></DrctDbtTxInf><DrctDbtTxInf><PmtId><EndToEndId>FAKEZJOVKLYO5C4IJEAQOVWLIBJJX8FS</EndToEndId></PmtId><InstdAmt Ccy="EUR">32.83</InstdAmt><DrctDbtTx><MndtRltdInf><MndtId>K20576001</MndtId><DtOfSgntr>2021-04-12</DtOfSgntr><AmdmntInd>false</AmdmntInd></MndtRltdInf><CdtrSchmeId><Id><PrvtId><Othr><Id>DE36ZZZ00001457522</Id><SchmeNm><Prtry>SEPA</Prtry></SchmeNm></Othr></PrvtId></Id></CdtrSchmeId></DrctDbtTx><DbtrAgt><FinInstnId><BIC>HELADEF1GER</BIC></FinInstnId></DbtrAgt><Dbtr><Nm>Bernd Romberger</Nm></Dbtr><DbtrAcct><Id><IBAN>DE67830500000001259784</IBAN></Id></DbtrAcct><RmtInf><Ustrd>Rechnung RE5408 Kunde K20576</Ustrd></RmtInf></DrctDbtTxInf><DrctDbtTxInf><PmtId><EndToEndId>FAKSQCINOKYE1PHK0F018NWWBFD7RLOD</EndToEndId></PmtId><InstdAmt Ccy="EUR">27.4</InstdAmt><DrctDbtTx><MndtRltdInf><MndtId>K21127001</MndtId><DtOfSgntr>2021-04-28</DtOfSgntr><AmdmntInd>false</AmdmntInd></MndtRltdInf><CdtrSchmeId><Id><PrvtId><Othr><Id>DE36ZZZ00001457522</Id><SchmeNm><Prtry>SEPA</Prtry></SchmeNm></Othr></PrvtId></Id></CdtrSchmeId></DrctDbtTx><DbtrAgt><FinInstnId><BIC>GENODEF1ATE</BIC></FinInstnId></DbtrAgt><Dbtr><Nm>Roland Böhm</Nm></Dbtr><DbtrAcct><Id><IBAN>DE89790690100003100600</IBAN></Id></DbtrAcct><RmtInf><Ustrd>Rechnung RE5409 Kunde K21127</Ustrd></RmtInf></DrctDbtTxInf><DrctDbtTxInf><PmtId><EndToEndId>FAKFTPPBKRM4CPL3EAIERVUS1U5TX6ZD</EndToEndId></PmtId><InstdAmt Ccy="EUR">2.67</InstdAmt><DrctDbtTx><MndtRltdInf><MndtId>K22524001</MndtId><DtOfSgntr>2021-06-07</DtOfSgntr><AmdmntInd>false</AmdmntInd></MndtRltdInf><CdtrSchmeId><Id><PrvtId><Othr><Id>DE36ZZZ00001457522</Id><SchmeNm><Prtry>SEPA</Prtry></SchmeNm></Othr></PrvtId></Id></CdtrSchmeId></DrctDbtTx><DbtrAgt><FinInstnId><BIC>BYLADEM1001</BIC></FinInstnId></DbtrAgt><Dbtr><Nm>Marcel Bäuml</Nm></Dbtr><DbtrAcct><Id><IBAN>DE31120300001059923910</IBAN></Id></DbtrAcct><RmtInf><Ustrd>Rechnung RE5410 Kunde K22524</Ustrd></RmtInf></DrctDbtTxInf><DrctDbtTxInf><PmtId><EndToEndId>FAKQFBDFEZ50ISVLEH5IHIE0T7U97HT3</EndToEndId></PmtId><InstdAmt Ccy="EUR">1.41</InstdAmt><DrctDbtTx><MndtRltdInf><MndtId>K17707001</MndtId><DtOfSgntr>2020-11-23</DtOfSgntr><AmdmntInd>false</AmdmntInd></MndtRltdInf><CdtrSchmeId><Id><PrvtId><Othr><Id>DE36ZZZ00001457522</Id><SchmeNm><Prtry>SEPA</Prtry></SchmeNm></Othr></PrvtId></Id></CdtrSchmeId></DrctDbtTx><DbtrAgt><FinInstnId><BIC>GENODEF1MLV</BIC></FinInstnId></DbtrAgt><Dbtr><Nm>Katharina Haubold</Nm></Dbtr><DbtrAcct><Id><IBAN>DE58790691650007595042</IBAN></Id></DbtrAcct><RmtInf><Ustrd>Rechnung RE5411 Kunde K17707</Ustrd></RmtInf></DrctDbtTxInf><DrctDbtTxInf><PmtId><EndToEndId>FAKNEEGN1JM9PJVIADJERP89ABMJAKLH</EndToEndId></PmtId><InstdAmt Ccy="EUR">12.2</InstdAmt><DrctDbtTx><MndtRltdInf><MndtId>K18440001</MndtId><DtOfSgntr>2020-12-04</DtOfSgntr><AmdmntInd>false</AmdmntInd></MndtRltdInf><CdtrSchmeId><Id><PrvtId><Othr><Id>DE36ZZZ00001457522</Id><SchmeNm><Prtry>SEPA</Prtry></SchmeNm></Othr></PrvtId></Id></CdtrSchmeId></DrctDbtTx><DbtrAgt><FinInstnId><BIC>BYLADEM1001</BIC></FinInstnId></DbtrAgt><Dbtr><Nm>Blaschczok Kerstin</Nm></Dbtr><DbtrAcct><Id><IBAN>DE78120300000017708892</IBAN></Id></DbtrAcct><RmtInf><Ustrd>Rechnung RE5412 Kunde K18440</Ustrd></RmtInf></DrctDbtTxInf><DrctDbtTxInf><PmtId><EndToEndId>FAKCT46W6IK3OHKYYHCG0VTKPWW2JFQQ</EndToEndId></PmtId><InstdAmt Ccy="EUR">4.31</InstdAmt><DrctDbtTx><MndtRltdInf><MndtId>K19087001</MndtId><DtOfSgntr>2021-03-05</DtOfSgntr><AmdmntInd>false</AmdmntInd></MndtRltdInf><CdtrSchmeId><Id><PrvtId><Othr><Id>DE36ZZZ00001457522</Id><SchmeNm><Prtry>SEPA</Prtry></SchmeNm></Othr></PrvtId></Id></CdtrSchmeId></DrctDbtTx><DbtrAgt><FinInstnId><BIC>WELADED1STB</BIC></FinInstnId></DbtrAgt><Dbtr><Nm>Holger Reinhold</Nm></Dbtr><DbtrAcct><Id><IBAN>DE50870540004714020787</IBAN></Id></DbtrAcct><RmtInf><Ustrd>Rechnung RE5414 Kunde K19087</Ustrd></RmtInf></DrctDbtTxInf><DrctDbtTxInf><PmtId><EndToEndId>FAKAG6YH1AIZ53UURH4ZQZS0NORIKHZA</EndToEndId></PmtId><InstdAmt Ccy="EUR">19.99</InstdAmt><DrctDbtTx><MndtRltdInf><MndtId>K19444001</MndtId><DtOfSgntr>2021-07-20</DtOfSgntr><AmdmntInd>false</AmdmntInd></MndtRltdInf><CdtrSchmeId><Id><PrvtId><Othr><Id>DE36ZZZ00001457522</Id><SchmeNm><Prtry>SEPA</Prtry></SchmeNm></Othr></PrvtId></Id></CdtrSchmeId></DrctDbtTx><DbtrAgt><FinInstnId><BIC>INGDDEFFXXX</BIC></FinInstnId></DbtrAgt><Dbtr><Nm>Anneliese Horz</Nm></Dbtr><DbtrAcct><Id><IBAN>DE66500105170914959655</IBAN></Id></DbtrAcct><RmtInf><Ustrd>Rechnung RE5415 Kunde K19444</Ustrd></RmtInf></DrctDbtTxInf></PmtInf></CstmrDrctDbtInitn></Document>